3522 5396
267 410 326 468 332
730 423 768 466 nn
788 423 880 469 canes
901 425 941 468 an
964 423 1132 468 roanarar.

267 557 375 624 habes
390 563 445 624 Ex.
465 559 581 638 bibio*
600 557 667 642 (bic
688 571 769 622 nnn
786 579 849 648 pro
865 559 967 646 'ynam
984 556 1044 623 sed
1064 555 1203 623 additur
1215 557 1251 622 h.
1273 556 1298 624 l.
1318 577 1324 623 :
1345 584 1361 618 «
1379 555 1416 622 in
1432 569 1599 622 sanctua-

269 662 321 729 rio
338 662 478 729 Domini
494 690 509 724 n
524 662 676 730 libabitis
687 661 837 730 libamen
845 666 1096 754 semzentatnm
1109 661 1223 729 labae.
1239 666 1388 730 Fortasse
1399 661 1597 730 invaluerat

266 768 394 836 abusus
416 767 607 836 adhibendi
625 769 800 837 sacrificiis
822 773 914 836 succi
936 791 1008 836 non
1030 768 1227 836 fermentati
1249 791 1335 836 uvae
1356 770 1426 836 sive
1448 771 1597 836 recentis

266 875 336 942 sive
350 897 485 964 passae,
506 875 589 941 dum
610 874 670 941 alii
689 875 893 942 libationem
919 875 1133 965 peragebant
1155 880 1250 941 extra
1268 875 1522 954 sanctuarium,
1540 875 1597 942 in-

267 980 426 1048 decenter
445 987 547 1071 atquc
576 982 856 1071 intemperanter.
881 1004 913 1048 v.
940 987 961 1050 8
989 1011 1005 1042 u
1030 980 1254 1071 Alternmqne
1280 1003 1410 1070 aynano
1434 981 1598 1047 similiter
1695 1035 1701 1046 .

268 1089 418 1178 offeretis
436 1086 484 1154 od
499 1109 672 1176 vesperam
695 1088 793 1154 istola
813 1109 948 1154 omnem
966 1087 1071 1155 ritum
1092 1087 1256 1176 sacrificii
1276 1085 1440 1154 matutini
1454 1099 1486 1152 ct
1505 1086 1598 1154 liba-

268 1206 462 1260 mentorum
478 1193 566 1276 eins,
585 1193 790 1261 oblationem
806 1193 1002 1261 serenissimi
1021 1193 1137 1260 odoris
1157 1194 1302 1260 Domino
1325 1222 1354 1259 ».
1376 1192 1444 1260 Sed
1459 1194 1563 1260 Hebr.
1582 1215 1597 1258 .·

270 1287 490 1368 minabamel
503 1301 727 1368 libamentum
745 1303 868 1392 afferes
880 1301 1017 1381 eadem,
1033 1313 1139 1392 atque
1154 1322 1265 1367 mane.
1284 1305 1371 1367 llaec
1386 1300 1598 1367 verbotenus

267 1405 388 1474 eadem
414 1413 509 1489 sunt,
542 1413 645 1496 atque
676 1413 733 1474 Ex.
764 1413 886 1491 29‚tt;
913 1423 1012 1472 raom
1043 1430 1106 1497 pro
1133 1422 1259 1486 aaaron
1289 1406 1494 1494 transposito
1518 1419 1596 1472 una

268 1512 436 1580 omittitur
455 1501 504 1577 ab.

658 1643 810 1703 Sacrificium
825 1657 986 1704 sabbatorum
1000 1653 1074 1703 Num.
1090 1657 1145 1710 283
1161 1669 1198 1715 aq.
1295 1697 1296 1702 ,

312 1848 549 1915 Obtulerintne
583 1847 790 1916 sacrificium
829 1849 973 1937 singulis
1009 1849 1160 1917 sabbatis
1202 1849 1435 1939 patriarchae,
1473 1845 1595 1913 silente

269 1953 440 2044 scriptura
451 1954 596 2021 delinire
606 1953 701 2022 haud
710 1976 902 2045 possumus.
913 1957 946 2023 si
960 1955 1143 2032 iaciebant,
1157 1954 1216 2022 ille
1226 1977 1307 2023 usus
1319 1952 1412 2044 apud
1424 1953 1596 2019 Hebraeos

269 2067 348 2129 ante
371 2065 503 2147 Moysen
522 2063 642 2149 utique
662 2083 740 2128 cum
759 2063 834 2152 ipso
857 2062 1002 2129 sabbato
1023 2061 1097 2151 (Ex.
1123 2065 1223 2145 1632
1242 2062 1310 2151 sq.)
1334 2058 1592 2146 negligebatur.

266 2189 299 2234 v.
317 2173 337 2232 9
352 2194 368 2228 u
385 2167 448 2233 Dic
467 2179 583 2233 orclem
601 2166 735 2234 sabbati
748 2169 901 2258 offeretis
921 2197 936 2230 n
954 2168 1098 2259 duplum
1115 2168 1203 2250 eius,
1222 2167 1313 2257 quod
1329 2165 1449 2232 diebus
1464 2164 1596 2232 feriatis

269 2272 409 2353 offertis,
425 2295 472 2340 sc.
492 2301 507 2335 u
520 2273 606 2338 diros
616 2295 722 2362 aqnos
736 2275 918 2341 anniculos
929 2274 1180 2356 immaculatos,
1194 2285 1227 2340 et
1240 2273 1324 2342 dicas
1337 2271 1487 2339 decimas
1499 2271 1597 2337 sirni-

270 2379 324 2446 lae
340 2379 411 2446 oleo
427 2401 625 2469 conspersae
641 2379 678 2446 in
692 2380 861 2470 sacrificio
878 2407 909 2467 a,
927 2380 949 2446 i.
971 2403 1001 2448 e.
1019 2381 1056 2447 in
1077 2379 1262 2466 rnirnbam,
1284 2408 1299 2442 ι(
1315 2391 1346 2446 el
1360 2379 1429 2445 liba
1440 2391 1476 2443 n.
1495 2401 1528 2444 r.
1552 2385 1596 2444 10

275 2513 289 2546 ιι
310 2487 404 2566 Ossae
421 2486 486 2553 rite
503 2484 722 2574 [snndzmturt
735 2509 799 2576 per
811 2487 951 2576 sinynla
964 2489 1106 2554 sabbata
1121 2487 1157 2553 in
1170 2486 1403 2554 holocaustum.
1419 2482 1597 2574 senipiler-

270 2613 351 2658 nain
372 2621 400 2659 o.
422 2593 620 2682 imperfecte
640 2592 726 2660 haec
742 2591 893 2660 reddunt
907 2595 1005 2660 Heln.
1026 2616 1034 2662 :
1055 2593 1303 2660 Holocaustnm
1317 2590 1450 2658 sabbati
1461 2589 1498 2656 in
1514 2587 1596 2656 sab-

272 2699 350 2764 balo
375 2719 449 2770 saio.
473 2699 547 2787 ipso
570 2698 625 2765 die
651 2699 880 2783 offerendum,
910 2721 980 2767 non
1005 2700 1042 2766 in
1065 2699 1173 2766 alium
1198 2699 1290 2767 diem
1316 2695 1594 2765 transferendum

272 2803 413 2891 (nillm,
434 2805 476 2870 cl.
501 2826 531 2868 v.
558 2807 622 2889 tt),
642 2817 778 2893 praeter
796 2805 1032 2873 holocaustum
1041 2818 1266 2896 perpetuum,
1284 2803 1543 2894 quotidianum,
1560 2815 1596 2868 ec

270 2907 471 2976 libationem
489 2910 571 2977 eriis.
594 2915 646 2976 Se.
670 2911 875 2979 sacrificium
895 2911 1134 3002 quotidianum
1157 2933 1335 3001 nunquam
1354 2909 1592 2985 omittebatur,

268 3014 420 3083 sabbatis
434 3023 467 3082 et
484 3016 578 3083 festis
593 3017 681 3085 aliae
699 3017 753 3083 illi
773 3019 931 3110 victimae
950 3017 1180 3100 addebantur,
1202 3018 1347 3104 singulis
1358 3013 1518 3084 ‘sabbatis
1536 3037 1596 3084 sex

268 3124 351 3209 agni
371 3123 650 3190 immolabantur.

651 3337 801 3386 Sacrificium
816 3339 997 3386 noviluniorum
1012 3339 1086 3386 Num.
1101 3341 1216 3398 sart-16.

315 3526 388 3586 Non
405 3527 504 3588 antea
523 3521 679 3589 ediderat
697 3529 822 3610 Moyses
837 3524 950 3610 legem
970 3525 1011 3590 de
1032 3524 1218 3591 noviluniis
1236 3523 1395 3591 omnibus
1408 3525 1514 3592 sacris
1534 3525 1595 3590 ba-

271 3625 402 3692 bendis.
424 3628 639 3695 Postmodum
655 3651 774 3696 eorum
791 3629 1037 3697 sacrificiorum
1056 3631 1188 3698 mentio
1202 3629 1349 3697 habetur
1366 3635 1406 3696 ls.
1427 3636 1505 3711 1,13
1524 3651 1594 3720 sq.;

269 3737 323 3798 liz.
342 3739 462 3814 t5,17;
481 3737 559 3815 b6,6
579 3754 644 3824 sq.;
665 3742 680 3801 1
700 3736 793 3802 Esdr.
814 3737 1038 3818 3,5;2sssd1·.
1062 3742 1178 3819 10‚3a;
1199 3744 1214 3803 1
1237 3743 1314 3804 Par.
1336 3742 1454 3820 23,31;
1473 3743 1493 3802 2
1514 3741 1594 3805 Par.

174 3829 177 3839 ’
268 3844 345 3920 9,ἱι;
362 3844 458 3920 8,13;
474 3845 565 3922 31,3.
581 3846 645 3907 Pro
661 3841 845 3910 noviluniis
863 3842 984 3910 eadem
999 3843 1166 3911 sacrificia
1178 3843 1470 3934 praescribuntur,
1488 3847 1599 3932 atque

269 3967 331 4033 pro
343 3945 464 4012 diebus
478 3945 718 4014 hebdomadae
740 3969 941 4035 azymorum
960 3955 994 4015 et
1011 3972 1075 4038 pro
1097 3949 1152 4017 die
1174 3955 1386 4017 Pentecostes
1404 3971 1437 4015 v.
1457 3955 1497 4015 19
1513 3971 1595 4040 sqq.

270 4057 311 4117 Ἢ
327 4071 401 4140 sqq.
420 4074 452 4116 v.
471 4059 507 4119 11
527 4083 542 4114 u
561 4056 601 4120 In
621 4054 773 4123 calendis
787 4068 904 4122 antem
919 4055 1073 4146 offeretis
1088 4056 1326 4122 bolocanstnm
1342 4053 1486 4122 Domino
1501 4054 1600 4122 eita-

270 4155 318 4222 los
334 4157 375 4224 de
389 4173 543 4226 armento
557 4159 653 4243 dicos,
674 4162 813 4228 an'elem
827 4184 953 4244 sermm,
969 4185 1079 4251 aqnos
1092 4162 1271 4229 arrnz'cnlos
1285 4175 1411 4252 septem
1424 4163 1599 4228 immaca-

270 4262 357 4328 lalos
379 4293 409 4347 »,
431 4286 549 4332 omnes
568 4266 724 4334 victimas
744 4289 870 4348 mares;
889 4292 922 4336 v.
948 4275 989 4335 m
1013 4297 1028 4331 a
1055 4281 1087 4334 et
1107 4282 1174 4336 tres
1196 4267 1346 4336 decimas
1365 4267 1500 4335 similae
1522 4267 1598 4334 oleo

270 4391 469 4457 conspersae
496 4371 533 4438 in
556 4372 724 4463 sacrificio
751 4401 766 4437 o
798 4413 839 4426 -
860 4380 956 4442 verte
981 4375 1017 4441 in
1042 4375 1216 4443 iniimbnm
1241 4415 1283 4424 —
1306 4403 1322 4436 u
1348 4373 1599 4464 persingulas

271 4474 415 4555 oilnlos;
434 4488 466 4543 ct
490 4477 575 4546 dions
591 4478 740 4546 decinam
756 4481 891 4548 similae
916 4481 988 4548 oleo
1011 4504 1208 4572 corispersae
1224 4511 1238 4540 υ
1260 4481 1515 4548 inminebant«
1531 4505 1599 4572 par

270 4583 426 4672 sinpnlos
441 4583 562 4651 arietes
580 4608 614 4668 »ς
631 4609 663 4652 v.
686 4594 726 4654 1³
749 4615 764 4648 u
786 4600 819 4654 et
838 4587 1008 4656 decimam
1027 4588 1163 4656 similae
1181 4611 1222 4654 ea·
1241 4587 1314 4655 oleo
1331 4587 1368 4654 in
1386 4587 1558 4676 sacrificio
1578 4617 1594 4648 n

270 4727 314 4752 -,-
329 4696 423 4758 verte
437 4690 473 4757 in
488 4691 660 4758 mincium
675 4731 720 4744 -
733 4721 748 4754 u
765 4717 828 4784 per
843 4717 952 4784 aqnos
966 4695 1136 4784 sinqnlos.
1161 4693 1406 4762 Holocaustnm
1421 4721 1437 4755 r>
1453 4693 1520 4760 hoo
1542 4699 1599 4760 to·

270 4800 343 4862 tum
375 4820 406 4862 v.
439 4804 537 4866 11-13
563 4797 772 4887 descriptum
805 4829 820 4861 «
857 4800 1056 4868 atrocissimi
1082 4800 1194 4868 odoris
1224 4801 1350 4892 [atque]
1382 4799 1515 4868 incensi
1547 4817 1599 4868 est
