3528 5402
697 433 772 478 uun.
795 418 869 487 2112
890 433 954 484 soo.
1428 421 1486 480 157

168 568 281 660 quoad
294 568 482 658 potentiam
495 566 700 648 ordinatam,
713 588 830 633 annon
839 566 875 632 id
885 564 1072 655 aliquando
1085 571 1171 633 Deus
1183 589 1263 633 suae
1273 589 1492 637 concessurus

167 683 253 743 esset
266 675 454 765 sapientiae
468 687 502 740 ct
516 673 682 756 iustitiae,
699 680 738 739 ut
747 673 914 762 populum
932 671 1146 761 pervicacem
1159 673 1298 762 penitus
1312 676 1488 744 obiiceret.

167 780 514 870 Deprimebaturipse
524 778 641 846 animo
662 779 716 866 (ci.
732 780 837 868 ias),
855 800 967 868 neque
982 779 1052 845 iam
1065 783 1139 845 erat
1153 778 1197 845 ad
1207 779 1493 849 intercedendum

167 909 232 978 pro
248 887 377 977 populo
397 908 507 975 aequo
524 884 660 970 alacris,
676 892 780 975 atque
795 884 941 975 pridem.

420 1097 453 1157 2.
479 1089 612 1158 Seditio
636 1089 685 1156 ad
705 1093 761 1156 Me
783 1089 938 1156 Meribolr
960 1091 1065 1157 Νιιιιι.
1093 1096 1245 1172 tofi-13.

215 1263 296 1349 Arp.
322 1259 514 1347 -Populo
534 1264 677 1349 propter
698 1279 808 1348 aquae
832 1256 987 1347 inopiam
1006 1264 1259 1343 murmurante,
1283 1259 1381 1327 iubet
1408 1266 1494 1328 Deus

171 1371 304 1454 Moysen
328 1373 363 1433 et
381 1370 568 1448 Aaronem,
597 1373 634 1432 ut
653 1365 752 1452 virga
771 1386 935 1454 aquame
959 1371 1058 1453 petra
1079 1364 1229 1432 eliciant.
1249 1370 1423 1434 Moventur
1442 1367 1492 1434 illi

171 1471 518 1562 diffidentiaaliqua,
542 1473 629 1539 sitne
656 1473 745 1538 Deus
770 1471 870 1538 toties
889 1470 1072 1560 repetitam
1097 1471 1218 1561 populi
1240 1463 1492 1541 contumaciam

172 1579 429 1647 condonaturos
451 1600 458 1646 :
479 1600 586 1667 quare
601 1580 712 1667 primo
728 1579 846 1665 virgae
868 1576 937 1644 ictu
959 1599 1051 1667 aqua
1067 1600 1139 1645 non
1153 1577 1301 1648 elicitur.
1321 1579 1494 1649 Secundus

171 1685 281 1768 elicit,
297 1684 357 1752 sed
370 1691 446 1774 post
458 1689 657 1772 portentum
672 1685 774 1772 Moysi
786 1688 821 1750 et
839 1683 965 1751 aaroni
978 1683 1192 1752 diffidentiae
1208 1707 1357 1774 poenam
1372 1685 1495 1753 indicit

171 1797 272 1874 Deus,
291 1813 348 1859 eos
370 1799 498 1858 terram
516 1793 717 1880 promissam
733 1812 803 1857 non
821 1811 894 1857 esse
913 1792 1111 1858 intraturos.
1133 1790 1183 1858 ah
1206 1789 1417 1860 eventu'loco
1435 1815 1495 1860 no-

171 1921 251 1965 men
272 1897 422 1965 inditum
440 1901 501 1963 est.

209 2043 291 2094 Hunc
305 2046 436 2094 eventum
450 2053 599 2112 perperam
611 2044 707 2092 censet
720 2043 779 2092 Cat.
796 2041 915 2092 cundem
931 2055 1007 2101 esse,
1022 2043 1070 2106 qui
1083 2043 1134 2092 Ex.
1152 2043 1183 2094 17
1199 2044 1372 2094 narrabatur.
1390 2045 1496 2094 Verum

171 2133 220 2183 ilie
234 2133 328 2183 locum
347 2132 445 2182 habuit
459 2133 488 2180 in
505 2129 671 2194 Rephidim,
687 2131 733 2180 hic
751 2143 839 2195 prope
857 2131 957 2182 Cadus
977 2130 1096 2182 Unicum
1112 2133 1249 2182 rationem
1263 2133 1345 2184 ailert
1361 2133 1433 2193 Gai,
1447 2147 1496 2184 eos

173 2223 222 2286 qui
236 2233 262 2269 v.
280 2221 294 2270 5
310 2220 461 2284 loquantur
476 2220 553 2283 ipsos
572 2217 659 2268 luisse
677 2219 707 2268 in
727 2221 868 2283 aegypto,
886 2220 986 2269 horum
1004 2231 1072 2270 vero
1086 2220 1195 2270 nulium
1213 2217 1392 2284 superstitem
1407 2220 1496 2272 luisse

174 2322 248 2360 auno
257 2307 313 2370 40⁰,
323 2321 391 2372 ergo
406 2309 515 2358 narrari
530 2309 631 2356 iterum
645 2309 776 2357 eventum
789 2307 840 2358 Ex.
859 2307 901 2357 17.
919 2308 955 2357 At
969 2320 1021 2358 nos
1036 2309 1166 2360 eventum
1179 2309 1356 2359 attribuimus
1370 2322 1445 2360 anno
1460 2310 1495 2360 ab

174 2397 265 2450 exodo
278 2397 320 2458 3⁰3
336 2399 497 2461 praetcrea,
514 2409 563 2445 cur
581 2408 639 2445 non
656 2410 668 2442 ι
685 2397 777 2458 primo
793 2407 891 2446 mense
907 2411 918 2444 r
934 2396 1001 2445 anni
1021 2391 1064 2446 io*
1083 2396 1273 2460 superiuerint
1292 2397 1384 2448 adhuc
1398 2399 1494 2460 piures

174 2500 209 2538 ex
224 2487 272 2547 iis,
289 2487 380 2550 quiin
397 2486 524 2549 Aegypto
539 2483 678 2534 tuissent?
693 2496 789 2534 eorum
803 2486 982 2548 praesertim,
999 2486 1047 2548 qui
1067 2487 1191 2550 ternpore
1210 2486 1279 2536 editi
1294 2486 1397 2538 decreti
1415 2486 1493 2546 itti}

174 2573 299 2625 nondum
313 2575 501 2639 explevissent
514 2585 619 2623 annrun
631 2573 705 2622 vitae
720 2571 812 2624 ‘20¹¹mi

220 2716 252 2761 v.
276 2700 297 2760 2
329 2722 345 2756 a
378 2696 532 2782 Cumque
555 2690 729 2781 indipcret
750 2715 843 2784 aquo
862 2692 1028 2784 populus,
1056 2707 1288 2762 conuenerunt
1315 2695 1493 2762 aduersum

176 2803 317 2888 Moysen
340 2812 372 2868 et
391 2804 509 2867 Aaron
526 2827 560 2883 a,
578 2822 610 2868 v.
632 2806 651 2866 3
671 2825 687 2861 u
709 2811 741 2866 ct
762 2799 849 2867 uersi
867 2800 904 2865 in
921 2799 1125 2868 seditionem
1140 2800 1304 2868 dicerunt
1319 2823 1332 2867 .·
1355 2804 1494 2871 Utinam

173 2906 394 2998 periissemus
408 2907 497 2973 inter
517 2908 644 2995 srutres
662 2918 795 2973 nostros
813 2929 928 2973 corum
949 2909 1116 2975 Domino!
1136 2937 1152 2970 ι
1177 2908 1240 2976 Uhi
1253 2913 1352 2977 Proc.
1370 2911 1497 2997 cogitat

176 3013 315 3104 plagam
332 3012 549 3080 coturnicum
572 3019 684 3094 11‚33‚
704 3013 776 3080 Cui.
795 3013 936 3102 plagam
955 3019 1069 3095 mar.
1095 3020 1147 3098 to,
1164 3015 1285 3082 melius
1304 3018 1424 3104 Borisr.
1444 3015 1497 3081 di·

176 3139 292 3187 versas
312 3121 434 3209 plagas
456 3123 491 3186 et
508 3117 690 3185 seditiones
708 3119 822 3186 simul.
840 3142 872 3186 v.
898 3123 917 3185 t
936 3148 952 3180 «
971 3122 1039 3188 Cur
1060 3120 1226 3188 edocuistis
1239 3120 1415 3188 ecclesium
1429 3125 1497 3187 Do·

176 3225 266 3294 mini
278 3225 316 3292 in
335 3223 573 3304 solitudinem,
592 3236 631 3290 ut
645 3236 679 3291 ct
701 3247 763 3291 nos
786 3235 818 3291 et
841 3235 958 3291 nostru
983 3225 1135 3293 irenzentc
1158 3228 1370 3294 moriamur?
1388 3255 1404 3288 a
1427 3235 1496 3294 v.5

179 3360 195 3395 a
224 3335 334 3414 Quare
357 3355 419 3398 nos
439 3329 572 3422 fecistis
596 3330 776 3398 ascendere
801 3329 842 3397 de
866 3333 1023 3421 Aepppto
1052 3345 1085 3398 et
1107 3331 1302 3400 addrruistis
1322 3333 1496 3400 inlocum

178 3438 283 3506 istum
294 3438 495 3528 pessimum,
515 3437 578 3528 qui
590 3437 660 3504 seri
673 3460 744 3504 non
754 3448 884 3528 potest,
901 3438 964 3528 qui
977 3461 1038 3504 nec
1054 3439 1159 3527 ficum
1175 3439 1292 3530 pipnit
1306 3463 1368 3507 nec
1383 3441 1496 3508 uineas

177 3567 240 3613 nec
255 3545 512 3634 umloprunutu,
533 3545 674 3634 insuper
695 3555 874 3633 cinquant
893 3567 964 3610 non
983 3543 1147 3612 habetati
1165 3545 1371 3613 bibendum?
1393 3577 1408 3611 a
1432 3553 1497 3615 Hos

178 3651 264 3719 duos
284 3652 375 3718 viros
391 3651 482 3717 solos
501 3651 776 3740 reprehendunt3
795 3672 864 3717 non
885 3672 920 3717 se
942 3650 1054 3741 ipsos,
1081 3653 1142 3742 qui
1168 3654 1270 3721 iahvc
1287 3652 1497 3742 indignatio·

177 3779 256 3826 nem
281 3757 428 3848 peccatis
456 3757 683 3839 incurrerint;
711 3778 780 3823 non
800 3758 946 3840 lahvcn,
968 3757 1097 3847 quippe
1124 3759 1184 3848 qui
1211 3759 1280 3828 illis
1305 3760 1387 3828 viris
1409 3762 1497 3827 nihil

178 3865 295 3932 fuisset
310 3864 553 3950 denegaturus.
575 3884 607 3928 v.
636 3869 655 3929 ii
682 3864 965 3954 «impressusque
989 3867 1123 3954 Moyses
1141 3878 1174 3932 et
1197 3870 1329 3953 Aaron,
1356 3865 1498 3934 dimissu

179 3967 423 4056 multitudine,
442 3969 702 4037 tabernaculum
716 3967 870 4058 [cadmia
884 3983 1086 4037 corruerunt
1087 3972 1196 4060 proni
1209 3972 1247 4040 in
1265 3984 1391 4039 terrum
1410 4001 1500 4053 n,-

181 4075 285 4144 Hebr.
303 4099 316 4141 .·
338 4075 380 4142 de
396 4075 619 4143 multitudine
642 4087 849 4142 secesserunt
867 4075 915 4142 ad
933 4077 1058 4143 ostium
1072 4079 1297 4146 tabernaculi.
1317 4077 1500 4167 Sequentia

178 4191 270 4250 certe
285 4183 402 4272 spuria
420 4187 500 4250 sunt
513 4188 547 4250 ct
560 4182 598 4248 in
619 4181 690 4248 sola
708 4181 806 4271 Vulp.
825 4183 997 4250 habentur
1022 4183 1078 4272 (ci.
1109 4184 1217 4272 Vere.)
1244 4203 1251 4250 :
1277 4211 1293 4244 «
1319 4182 1501 4273 [clumace-

183 4301 330 4379 rumque
341 4285 390 4355 ud
408 4288 595 4356 Dominum
609 4301 713 4379 atqcue
727 4287 891 4355 dixerunt
905 4311 918 4353 .·
938 4288 1082 4356 Domine
1096 4293 1200 4374 Deus,
1217 4289 1304 4356 aridi
1317 4289 1501 4358 clamorem

183 4393 286 4462 itarius
297 4393 435 4485 populi,
452 4406 485 4461 ct
497 4393 596 4484 aperi
610 4393 658 4460 eis
673 4393 872 4461 thesaurum
893 4407 989 4461 trium
1001 4397 1254 4485 sontemaquue
1266 4395 1379 4479 uiuae,
1397 4410 1436 4464 ut
1447 4421 1500 4465 sa·

180 4500 262 4568 tiuti
280 4511 384 4568 cesset
409 4501 633 4566 murmuratio
655 4501 783 4589 eonem]
809 4528 839 4568 n.
860 4539 904 4550 -
929 4529 943 4562 a
974 4503 1019 4566 Ε1
1042 4502 1204 4591 apparuit
1227 4502 1342 4592 picria
1360 4504 1500 4570 Dourim'

180 4629 282 4697 Super
297 4629 351 4674 BOS
368 4636 399 4674 n.

224 4735 257 4783 v.
283 4722 303 4781 7
322 4743 337 4776 a
361 4717 575 4803 Locutusque
595 4723 642 4780 est
657 4711 824 4780 Dominus
838 4712 886 4780 ud
899 4717 1041 4804 Moysen
1055 4705 1170 4783 dicens
1191 4745 1207 4780 n
1234 4739 1242 4785 ι
1269 4739 1301 4785 v.
1323 4723 1344 4784 8
1367 4746 1382 4779 ι
1407 4715 1498 4783 Tolle

182 4819 317 4911 oirqam
334 4847 350 4882 ι)
377 4857 421 4870 -
443 4819 564 4887 merito
580 4819 669 4886 LXX
682 4817 815 4886 addunt
834 4830 944 4906 trram,
962 4844 1031 4889 non
1055 4822 1213 4907 aaronis;
1237 4823 1333 4890 illam
1350 4845 1411 4906 sc.,
1429 4846 1498 4914 qua
