3522 5396
680 422 754 467 suu.
777 406 871 477 2430
892 422 956 474 soo.
1097 375 1099 380 ,
1419 409 1477 470 305

154 559 213 623 aut
225 554 428 645 antiquitate
444 555 488 622 ab
502 555 696 622 amalecitis
706 559 920 645 superentur,
934 555 1066 622 facilius
1081 554 1269 624 affirmabit
1285 557 1362 645 quis
1374 580 1478 647 quam

154 661 328 753 probabit.
350 666 445 728 Verte
456 660 634 751 primitias
649 661 849 751 :primitiae
864 668 979 728 autem
994 661 1081 728 illud
1097 663 1200 728 etiam
1215 669 1367 749 vocatur,
1384 664 1477 755 quod

155 771 191 836 in
204 790 266 836 suo
278 789 405 856 genere
421 769 651 858 estoptimum
666 771 694 854 (1
713 772 796 855 lieg.
811 775 927 850 15,21;
945 773 1020 835 tlm.
1037 769 1120 856 aa).
1135 770 1272 836 Amalec
1288 793 1392 858 porro
1406 793 1477 840 non

156 875 281 943 dicitur
307 875 480 964 primitiae
501 875 657 941 omnium
682 873 824 941 omnino
853 874 1023 961 gentium,
1051 874 1108 941 sed
1134 897 1254 942 earum
1276 899 1363 965 quae
1389 879 1479 945 circa

154 981 359 1048 lloabitiden
383 982 479 1048 sedes
499 979 683 1062 haberent3
709 982 779 1047 imo
796 1003 910 1070 noque
934 981 998 1048 hae
1021 1003 1138 1048 omnes
1157 984 1345 1050 necessario
1367 1006 1408 1052 ea
1423 1006 1479 1051 ex-

155 1088 328 1178 pressione
342 1087 580 1154 includuntur.
597 1086 815 1154 Postmodum
836 1103 902 1152 nur
922 1109 1000 1154 cum
1014 1088 1131 1176 aliquo
1146 1087 1306 1178 despectu
1320 1089 1479 1179 designa-

155 1196 215 1263 bat
232 1207 349 1284 pentes
367 1216 436 1260 noo
452 1217 469 1260 e
483 1195 610 1261 semine
633 1193 738 1260 electo
762 1192 933 1261 derivatas
955 1216 962 1261 :
985 1216 1046 1261 cur
1066 1215 1137 1260 non
1159 1217 1223 1260 vox
1242 1196 1389 1263 eundem
1410 1197 1478 1264 iam

154 1301 331 1384 habuerit,
348 1305 530 1390 antequam
554 1322 671 1366 semen
690 1300 833 1367 electum
861 1299 904 1366 ad
924 1299 1092 1368 Hebraeos
1111 1302 1397 1388 restringeretur?
1419 1327 1481 1371 cur

155 1406 303 1474 eundem
323 1429 391 1473 non
405 1407 591 1474 servaverit
610 1407 647 1472 in
664 1428 724 1472 ore
739 1405 911 1473 Balaamii
926 1405 1136 1472 Crediderim
1148 1406 1256 1493 igitur
1270 1413 1382 1476 vatem
1396 1414 1480 1476 Moa-

155 1513 259 1594 bitas,
282 1513 512 1596 Ammonitas,
534 1512 724 1596 Edomitas,
745 1518 930 1579 Aramaeos
951 1518 1067 1602 utpote
1086 1512 1231 1580 Semitas
1248 1514 1348 1604 stirpi
1368 1515 1479 1582 excel-

155 1620 294 1688 lentiori
310 1621 403 1708 (Cen.
429 1625 525 1700 9,26;
543 1621 586 1686 cl.
605 1618 695 1708 lat)
717 1621 943 1700 accensuisse‚
961 1613 1166 1687 amalecitas
1184 1619 1276 1687 inter
1291 1621 1399 1709 Cojim
1421 1646 1479 1689 seu

154 1749 226 1793 non
246 1725 384 1794 semitas
402 1725 583 1812 relegasse.
604 1731 729 1793 Earum
748 1725 858 1812 igitur
879 1727 1037 1813 gentium
1058 1749 1129 1793 non
1154 1728 1369 1808 semitarum,
1393 1752 1481 1818 quae

155 1855 263 1924 prope
276 1832 437 1900 Moabitas
455 1832 664 1914 incolerent,
687 1831 826 1899 Balaam
850 1832 1052 1900 amalecitas
1076 1834 1278 1922 pronuntiat
1297 1857 1367 1902 esse
1382 1837 1482 1903 nohi-

156 1939 317 2022 lissimos,
349 1938 394 2004 ob
420 1939 570 2005 rationes
595 1938 695 2005 nobis
717 1938 788 2005 iam
811 1939 949 2005 nonita
971 1921 1178 2029 perspicuas.
1203 1980 1248 1990 —
1269 1958 1369 2006 nrnnr
1393 1943 1428 2012 h.
1457 1944 1478 2009 l.
1582 1923 1586 1934 .

155 2045 328 2133 significat
340 2045 573 2135 posteritatem
591 2045 677 2134 (lm.
701 2050 773 2126 i,‘l;
793 2051 867 2128 o,1;
886 2048 937 2111 rs.
955 2051 1018 2112 108
1038 2047 1142 2134 [109j,
1162 2052 1214 2128 13,
1231 2049 1321 2114 LXX
1335 2051 1479 2137 σπέρμα),

155 2175 213 2219 eos
227 2175 272 2219 sc.
290 2153 351 2241 qui
374 2164 523 2218 eatremo
549 2164 698 2241 tenpore
719 2151 842 2217 victuri
859 2151 938 2217 sint.
959 2167 1023 2214 *raa
1040 2167 1090 2220 mr
1110 2151 1167 2218 hic
1186 2154 1236 2218 uti
1251 2175 1283 2219 v.
1305 2160 1346 2220 ‘ll
1364 2177 1481 2221 oracu-

154 2257 229 2325 lum
243 2259 373 2326 claudit
392 2281 400 2326 τ
420 2281 527 2348 usqae
542 2257 590 2324 od
600 2257 844 2348 perditionem.
863 2255 1076 2325 constructio
1091 2256 1194 2340 dura,
1218 2259 1312 2326 haud
1327 2260 1478 2328 serenda.

155 2365 251 2432 Sam.
272 2364 391 2432 statu.
410 2366 490 2454 Syr.
509 2381 585 2428 'tzar
602 2379 651 2437 rr,
672 2362 1075 2454 inocternumperdetur
1091 2363 1352 2453 (cl.1s.57,15);
1370 2389 1482 2458 neque

154 2471 252 2538 obest
271 2472 380 2538 forma
400 2471 498 2538 verbi
519 2471 724 2554 masculina,
748 2492 827 2537 cum
846 2469 1034 2561 posteritas
1048 2493 1167 2549 sensu,
1192 2473 1252 2538 emi
1274 2494 1341 2539 non
1363 2475 1480 2540 termi-

153 2577 309 2656 natione,
323 2579 366 2644 sit
377 2577 604 2644 masculinum
618 2577 713 2668 quid.
727 2579 819 2644 LXX
836 2576 934 2672 Vslp.
947 2576 1150 2666 simpliciter
1160 2581 1477 2670 vertuntperibont.

155 2689 278 2752 Sensus
294 2690 369 2751 est:

289 2844 463 2911 Primitiae
482 2844 594 2931 Gojim
608 2844 763 2926 Amalec,

221 3010 224 3018 .
246 2951 342 3019 cuius
357 2951 537 3041 posteritas
549 2957 727 3019 aeternum
742 2950 882 3040 peribit.

201 3135 233 3180 v.
263 3119 303 3180 21
334 3139 349 3172 α
382 3111 474 3179 Vidit
498 3133 634 3200 quoque
662 3111 827 3178 Cinneam
845 3122 892 3196 et,
918 3122 1093 3199 assumpto
1111 3111 1299 3200 parabola,
1321 3113 1372 3178 ait
1390 3135 1402 3178 .·
1417 3117 1482 3179 Ro·

157 3221 291 3285 bustrtm
305 3217 444 3307 quidem
460 3229 509 3284 est
523 3215 759 3284 habitaculum
774 3230 872 3284 tuum
888 3245 917 3282 n.
937 3216 1113 3306 Oppositio
1129 3223 1179 3284 est
1192 3217 1283 3284 inter
1298 3231 1372 3309 pra·
1382 3266 1389 3290 ‚
1401 3241 1482 3308 per-

153 3339 293 3416 petuus,
325 3326 405 3391 hinc
434 3327 607 3405 rodrrstns,
634 3345 820 3413 rerumque
848 3322 1119 3389 vicissitudinem
1144 3347 1175 3389 v.
1199 3329 1240 3390 Ἠ
1260 3323 1478 3415 descriptam.

157 3430 366 3500 Crediderim
388 3431 526 3496 Balaam
550 3428 593 3496 de
619 3435 733 3496 monte
762 3431 900 3516 Phogor
914 3429 1124 3518 conspexisse
1142 3428 1346 3497 Cinaeorum
1367 3433 1401 3499 in
1417 3432 1481 3498 ali·

157 3559 226 3628 qua
250 3559 334 3627 rupe
355 3537 422 3604 fixa
439 3537 605 3616 tentoria3'
626 3541 716 3604 certe
740 3535 822 3625 ipsi,
845 3534 895 3602 uti
917 3534 1021 3601 etiam
1040 3535 1263 3620 amalecitae,
1281 3539 1420 3605 seorsim
1437 3540 1481 3607 ab

156 3643 318 3713 Israelitis
337 3650 448 3710 castra
466 3649 669 3732 posuerant,
683 3647 839 3732 ‘quorum
859 3645 970 3708 castra
988 3641 1175 3709 secundum
1191 3643 1301 3712 tribus
1316 3644 1483 3736 disposita

158 3751 287 3818 alienos
312 3749 447 3816 admitti
475 3772 545 3815 non
571 3749 802 3838 patiebantur.
831 3755 935 3816 Lusus
960 3755 1009 3814 cst
1036 3749 1161 3840 aliquis
1190 3750 1280 3818 inter
1309 3767 1421 3842 pur:
1451 3761 1483 3819 et

157 3871 273 3945 pean,
291 3857 368 3924 licet
386 3855 474 3922 illud
498 3856 654 3932 aradice
676 3870 754 3926 aar,
779 3855 845 3921 hoc
869 3878 889 3921 a
913 3855 1027 3922 radice
1048 3871 1119 3918 uzu
1141 3862 1328 3945 repetatur.
1359 3887 1372 3918 ι(
1395 3858 1479 3940 sat,

156 3965 188 4030 si
202 3963 239 4030 in
252 3975 350 4055 petro
358 3964 515 4053 posueris
530 3961 654 4028 eristum
672 3974 771 4028 taum
788 3991 824 4046 »,
841 3999 884 4012 -
898 3961 996 4028 nulla
1010 3967 1060 4030 est
1075 3964 1161 4029 ratio
1178 3985 1255 4028 cum
1271 3967 1364 4030 LXX
1383 3964 1480 4054 Vulp.

156 4069 428 4137 introducendae
452 4068 638 4136 sententiae
666 4068 906 4136 conditionalis
930 4077 964 4136 et
986 4067 1302 4158 permiscendorum
1323 4069 1482 4137 disticho·

157 4198 248 4243 rum.
271 4179 369 4244 Verte
392 4197 399 4242 :
424 4188 456 4242 et
477 4173 609 4265 positus
628 4174 663 4240 in
685 4188 787 4264 petro
808 4174 910 4241 nidus
933 4189 1023 4240 tuos.
1046 4179 1129 4241 Nota
1145 4176 1375 4242 assonantiam
1390 4177 1483 4244 inter

159 4297 214 4374 tp,
234 4281 353 4350 nidum
360 4336 370 4368 ,
391 4287 425 4349 et
440 4297 517 4374 urp,
535 4284 711 4349 Cisseum.
739 4281 925 4348 Distichum
949 4281 1055 4371 accipi
1081 4303 1218 4371 quoque
1237 4283 1352 4371 potest
1371 4289 1406 4350 ut
1430 4285 1481 4351 in·

161 4390 363 4476 terrogatio,
385 4406 462 4454 'non
484 4388 556 4455 sine
581 4389 721 4456 ironia:
744 4392 904 4470 Putasne,
932 4387 1109 4456 robustum
1134 4409 1206 4454 esse
1229 4392 1318 4456 eta?
1344 4395 1383 4457 at
1412 4415 1482 4458 res-

158 4494 288 4586 pondet
315 4495 474 4582 negative
498 4519 530 4562 v.
558 4501 625 4564 22:
653 4523 669 4556 a
696 4507 728 4560 et
751 4495 862 4583 [ueris
888 4494 1011 4560 electus
1030 4493 1071 4560 de
1091 4492 1195 4586 stirpe
1212 4495 1291 4577 Cin,
1317 4497 1482 4586 quamdiu

157 4601 299 4691 [poteris
317 4603 558 4692 permanendi
581 4603 686 4668 Assur
704 4601 796 4667 enirn
813 4601 923 4691 capiet
943 4616 973 4668 te
996 4629 1026 4666 r.
1049 4605 1154 4679 Quam
1173 4602 1356 4670 lectionem
1382 4603 1478 4692 Valp.

159 4715 275 4776 secuta
295 4707 354 4791 sit,
375 4730 444 4776 non
468 4707 589 4798 liquet.
616 4707 836 4775 Distinctione
860 4707 1084 4775 distichorum
1104 4697 1279 4794 docemur,
1300 4723 1345 4772 aa
1363 4723 1391 4772 m
1410 4732 1481 4776 non

158 4837 229 4884 esse
246 4815 446 4884 vertendum
465 4821 508 4885 'ta
529 4820 578 4883 aa
605 4816 683 4904 (atq,
713 4813 869 4903 Theoti),
891 4814 949 4881 sed
971 4835 1097 4882 novam
1117 4816 1321 4882 sententiam
1339 4836 1409 4882 esse
1425 4840 1480 4883 or·

573 4943 746 4980 suanensem.
763 4957 792 4967 -
811 4941 836 4980 ur
853 4941 977 4982 soranos.
994 4957 1026 4966 -
1042 4935 1072 4982 20
