3550 5424
606 391 721 436 NOMINA
747 391 877 437 PROPRIA
898 355 1048 435 l'lllOllUlll.

167 550 311 594 numero
340 534 467 615 patrem
491 547 609 592 eorum
638 527 740 614 plura
767 525 839 591 sine
868 524 974 590 dubio
1002 544 1073 590 esse
1099 545 1171 589 non
1196 523 1345 590 hebraea
1374 530 1418 610 lv.
1450 547 1486 610 g.

169 638 317 723 Moyseo,
341 633 432 721 quod
454 640 503 699 est
525 634 742 720 aegyptium,
764 636 815 698 uti
834 632 973 697 fortasse
995 629 1098 696 eliam
1118 631 1264 717 Aaron);
1284 631 1401 720 aliqua
1420 652 1489 696 esse

167 745 340 815 truncata,
365 741 412 804 uti
434 746 534 818 13,10
556 738 672 804 Ptelea?
687 762 726 803 ex
750 737 910 804 rtaltiel.
929 741 1074 804 Fortasse
1091 739 1270 803 nominum
1286 739 1404 825 plura,
1425 739 1490 803 im-

168 848 290 938 primis
310 867 429 911 eorum
455 866 544 933 quae
570 867 663 911 nunc
688 845 850 911 desinunt
867 845 904 909 in
928 843 987 909 iod
1007 830 1109 924 (lina,
1130 831 1214 907 'niu
1233 847 1327 930 etc),
1350 845 1489 910 alfixum

170 953 347 1021 habebant
370 974 497 1017 nomen
526 951 682 1019 divinum
702 939 766 1012 iu:
794 951 852 1017 sed
878 950 1038 1034 Hebraei,
1069 949 1117 1018 uti
1141 949 1229 1017 aliae
1257 957 1392 1036 gentes,
1416 951 1487 1016 lon-

170 1059 268 1147 giora
285 1058 455 1147 quaedam
471 1057 613 1124 nomina
633 1058 676 1124 ad
693 1057 887 1124 breviorem
903 1053 1048 1124 formam
1064 1057 1282 1124 revocabant.

216 1170 319 1232 Porro
339 1164 419 1231 licet
433 1164 621 1253 aliquando
642 1164 798 1230 homines
818 1163 932 1253 priore
950 1166 1090 1229 nomine
1107 1163 1267 1229 abdicato
1282 1186 1409 1230 novum
1429 1186 1491 1229 no-

173 1294 251 1338 men
273 1278 450 1339 assumant
466 1270 706 1360 (Osee-losue'),
724 1271 912 1337 universim
933 1277 1047 1337 tamen
1069 1291 1259 1359 supponere
1279 1271 1329 1336 fas
1349 1277 1409 1347 est,
1430 1293 1492 1336 no-

173 1380 282 1459 mina,
300 1385 388 1465 quae
407 1377 570 1463 legimus,
588 1377 751 1467 imposita
772 1399 844 1442 esse
865 1400 883 1442 a
903 1377 1116 1465 parentibus
1134 1377 1167 1444 Si
1187 1377 1331 1444 alicuius
1347 1400 1493 1464 genera-

172 1485 274 1550 tionis
300 1483 366 1549 viri
391 1485 506 1574 plures
529 1484 672 1550 nomina
698 1483 842 1564 habent,
869 1505 1016 1572 quorum
1039 1505 1118 1577 pars
1142 1482 1184 1549 sit
1205 1505 1331 1549 nomen
1355 1484 1495 1572 aliquod

173 1591 343 1671 divinum,
364 1590 401 1656 id
417 1613 487 1657 non
506 1590 633 1679 probat
652 1613 770 1657 eorum
792 1590 944 1657 virorum
965 1591 1143 1679 pietatem,
1161 1589 1220 1655 sed
1235 1589 1372 1678 aliquod
1392 1613 1495 1677 argu·
1515 1667 1518 1675 q

174 1703 328 1764 mentum
344 1704 409 1779 est,
428 1718 547 1762 eornm
558 1709 720 1786 parentes
733 1696 885 1783 aliquam
904 1695 1063 1761 habuisse
1083 1697 1234 1761 numinis
1253 1698 1492 1762 reverentiam.
1589 1715 1590 1719 ’

220 1802 503 1870 Patrz'urclrarum
520 1804 661 1873 nomina
679 1803 761 1868 inde
782 1803 826 1868 ab
846 1803 1019 1868 Abraham
1039 1802 1174 1868 nullum
1192 1824 1318 1868 nomen
1340 1802 1494 1868 divinum

175 1910 316 1976 habent.
343 1908 450 1976 lsrael
471 1916 609 1975 nonest
630 1908 785 1974 nativum
812 1909 876 1974 viri
899 1930 1043 1986 nomen,
1070 1909 1129 1974 sed
1154 1931 1280 1974 nomen
1306 1909 1358 1975 illi
1386 1932 1405 1974 a
1430 1915 1496 1975 Deo

175 2023 312 2104 praeter
326 2037 452 2080 nomen
470 2015 569 2081 lacot
586 2016 794 2103 impositum.
813 2016 944 2081 Habent
961 2014 1101 2104 quidem
1116 2003 1156 2077 iu
1173 2014 1315 2080 nomina
1333 2024 1498 2104 quorum-

176 2123 257 2207 dam
273 2120 423 2189 liliorum
441 2122 731 2210 patriarcharum,
749 2122 808 2209 qui
829 2143 900 2187 non
914 2126 993 2187 sunt
1013 2121 1054 2186 de
1074 2121 1179 2210 stirpe
1197 2121 1320 2200 electa,
1340 2144 1371 2186 v.
1391 2144 1425 2207 g.
1448 2124 1496 2186 Is-

177 2227 270 2294 mael
283 2247 295 2291 .·
310 2227 369 2293 sed
386 2229 470 2293 liaeo
482 2226 622 2293 nomina
638 2227 673 2293 li.
693 2227 717 2293 l.
738 2227 959 2313 negligimus
977 2231 1106 2293 Nomen
1125 2226 1299 2294 Abraham
1320 2227 1424 2293 habet
1439 2243 1495 2293 zu.

178 2339 259 2427 Cum
285 2332 561 2421 patriarcharum
590 2333 789 2399 nominibus
818 2335 970 2422 proxime
997 2329 1231 2423 comparanda
1257 2339 1336 2399 sunt
1359 2333 1499 2399 nomina
1588 2337 1614 2375 ἰ

179 2441 330 2505 virorum
345 2444 442 2507 Num.
461 2446 515 2519 26,
538 2440 596 2529 qui
614 2461 674 2507 sua
688 2440 826 2505 familiis
844 2441 985 2506 nomina
999 2439 1167 2508 indidere.
1186 2445 1264 2507 rot
1281 2440 1371 2506 hisce
1387 2442 1499 2507 nomi-

104 2560 105 2563 ’
178 2546 281 2637 nibus
295 2546 426 2612 habent
439 2546 656 2634 solummodo
672 2569 725 2612 sex
737 2568 865 2613 nomen
879 2534 918 2609 in
937 2566 943 2605 :
961 2548 1120 2630 Namnet,
1134 2546 1240 2631 Ariel,
1258 2546 1356 2628 lalel,
1374 2546 1496 2632 Esriel,

180 2651 350 2733 illelelriel,
362 2653 473 2720 Iesiel.
485 2657 596 2720 Unum
608 2673 735 2719 nomen
750 2653 856 2720 habet
869 2643 927 2721 ir:
943 2654 1066 2741 (Arbel,
1081 2653 1173 2719 lilius
1186 2653 1391 2743 Beniamin),
1408 2654 1500 2742 quod

180 2765 294 2826 tamen
308 2758 515 2826 crediderim
534 2759 636 2826 luisse
651 2781 722 2825 uon
734 2759 833 2841 idoli,
851 2759 912 2825 scd
926 2761 1000 2826 'veri
1020 2760 1077 2826 Dei
1093 2759 1375 2849 appellationem.
1394 2760 1500 2826 Habe-

181 2871 236 2931 tur
250 2870 428 2953 praeterea
441 2864 599 2949 Altinum,
613 2880 726 2937 nitus.
741 2872 774 2931 et
786 2866 877 2932 inter
891 2867 1077 2934 Rubenitas
1087 2867 1238 2934 familiae
1249 2866 1370 2933 Phallu
1386 2866 1497 2942 Elian,

181 2972 267 3037 alter
282 2972 431 3037 Namnet
444 2980 477 3039 et
492 2972 638 3056 Abii-on,
653 2987 764 3040 nitra,
781 2994 905 3039 nomen
920 2973 1132 3040 simillimum
1148 2973 1299 3041 nominis
1313 2988 1412 3039 nanu.
1430 2978 1502 3039 Non

183 3078 343 3144 videntur
357 3085 428 3144 tum
450 3100 549 3168 saepe
566 3078 647 3144 viris
665 3078 774 3145 indita
792 3101 861 3145 esse
881 3079 1158 3168 patriarcharum
1176 3080 1333 3162 nomina,
1358 3079 1504 3145 habetur

183 3188 298 3250 tamen
315 3206 422 3250 unum
438 3185 510 3252 eius
521 3185 625 3251 moris
637 3184 817 3251 indubium
832 3186 1025 3273 exemplum
1041 3208 1048 3253 :
1066 3192 1143 3266 13,8
1157 3186 1274 3275 loseplt
1291 3185 1500 3252 lssaeharita.

229 3290 465 3379 Perpendendi
480 3291 623 3357 veniunt
636 3304 700 3358 tres
716 3290 850 3357 elenclu'
864 3295 962 3358 Num.
980 3299 995 3357 1
1017 3292 1073 3380 (ci.
1095 3299 1131 3373 2;
1147 3300 1183 3371 Ἲς
1202 3298 1242 3358 10
1257 3299 1302 3374 et,
1325 3291 1439 3381 quoad
1457 3293 1503 3358 le-

188 3397 275 3463 vitas
290 3404 382 3480 3,2l.
401 3403 454 3464 30.
477 3397 547 3485 35),
570 3401 668 3464 Num.
694 3404 732 3464 13
754 3403 786 3463 et
805 3402 903 3464 Num.
926 3403 980 3463 3l.
1004 3397 1052 3466 cf.
1073 3420 1161 3486 quae
1178 3399 1225 3465 ib.
1248 3400 1290 3466 de
1310 3398 1506 3465 nominibus

188 3502 335 3593 propriis
350 3503 551 3570 dicebamus
569 3504 625 3569 vel
642 3503 766 3570 dicturi
788 3525 915 3570 sumus.
935 3505 1079 3572 Nomina
1097 3505 1269 3572 schemate
1292 3505 1504 3571 subiieimus.

188 3610 352 3676 Columna
370 3615 395 3676 Α
410 3610 514 3676 tradit
531 3612 672 3676 nomina
680 3622 839 3699 fratrum,
858 3633 946 3699 quae
966 3612 1003 3676 in
1018 3610 1170 3678 elenchis
1188 3617 1284 3679 Num.
1306 3618 1321 3678 1
1338 3617 1371 3678 et
1385 3618 1424 3679 13
1445 3613 1507 3677 ha-

188 3716 325 3797 bentur,
343 3717 402 3805 qui
418 3716 484 3783 viri
499 3718 653 3783 exstitere
671 3717 830 3806 aequales
845 3716 935 3782 inter
949 3740 996 3784 se.
1011 3718 1178 3785 Columna
1195 3724 1219 3785 Β
1238 3719 1344 3785 tradit
1362 3740 1506 3806 sequen-

188 3828 257 3887 tem
272 3823 543 3907 generationem,
561 3824 760 3890 eorumdcm
774 3822 879 3911 filios.
898 3823 1061 3891 Columna
1077 3828 1099 3891 C
1114 3831 1268 3892 recenset
1278 3837 1395 3915 potres
1408 3828 1506 3889 Num.

190 3934 245 4010 at,
258 3928 419 3996 columna
430 3933 454 3996 D
466 3931 588 3996 horum
600 3930 704 4018 filios,
721 3930 876 3997 Virorum
888 3934 910 3997 C
921 3936 1062 4019 potuere
1076 3932 1216 4021 quidem
1230 3931 1339 4020 aliqui
1351 3930 1511 4019 aequales

190 4056 261 4101 esse
275 4035 430 4103 virorum
443 4043 467 4104 B
483 4037 539 4125 (el.
555 4041 660 4120 losue,
674 4035 802 4126 Colch),
817 4044 932 4104 tamen
942 4037 1127 4105 universim
1138 4059 1315 4128 possumus
1325 4041 1362 4121 Α,
1375 4041 1412 4120 Β,
1424 4040 1458 4118 C,
1472 4040 1509 4118 u,

191 4138 407 4210 considerare
422 4149 459 4209 ut
475 4150 622 4234 quatuor
636 4144 843 4213 successivas
855 4144 1104 4231 generationes.

611 4924 786 4962 nuceretum.
805 4938 833 4948 -
852 4925 877 4962 ru
894 4925 1016 4962 nouenos.
1035 4940 1066 4950 -
1085 4916 1112 4964 ll
