3554 5406
292 457 351 514 374
752 467 789 514 ns
810 467 902 514 cauas
923 468 962 514 an
984 467 1153 514 rosnarum.

292 604 462 672 bebantur
480 602 549 669 illis
563 607 701 690 praeter
719 601 969 670 habitationem
988 602 1091 669 etiam
1111 622 1274 692 pecorum
1290 622 1430 690 pascua,
1449 623 1518 667 non
1532 621 1615 668 vero

205 763 206 766 ,
293 713 385 797 agri,
402 708 492 800 quod
509 708 650 776 decimis
668 714 731 776 etc.
751 715 1025 776 sustentarentur
1043 708 1209 798 (Hense).
1230 713 1277 776 Ex
1296 707 1365 773 suis
1383 705 1529 774 urbibus
1545 705 1615 774 suis

292 816 505 906 temporibus
520 815 565 883 ad
578 837 673 883 saera
687 838 794 904 prope
809 814 1072 883 tabernaculum
1085 813 1199 882 officia
1212 812 1375 881 obeunda
1386 813 1610 880 uocabantur.

293 929 435 1006 Tamen,
460 922 555 1012 quod
580 943 691 1010 neque
716 943 880 1008 agrorum
906 922 1041 989 cultura
1063 942 1176 1010 neque
1202 942 1339 1010 semper
1363 919 1466 986 sacris
1491 918 1613 986 officiis

292 1035 551 1119 occuparentur,
568 1033 744 1119 supererat
758 1027 829 1096 illis
841 1029 950 1096 otium
969 1027 1013 1095 ad
1029 1033 1257 1095 mercaturam
1273 1027 1367 1094 domi
1389 1031 1520 1093 artesve
1540 1047 1613 1118 me-

292 1136 452 1204 chanicas
466 1140 525 1202 aut
539 1134 699 1202 liberales
711 1133 930 1203 exercendas.
949 1139 998 1201 Ita
1017 1133 1084 1200 illis
1101 1134 1180 1222 lege
1198 1134 1311 1201 luerat
1324 1132 1521 1223 provisum,
1540 1162 1553 1192 «
1569 1154 1612 1198 ne

291 1249 349 1311 aut
359 1241 479 1332 inopia
493 1240 593 1309 valde
608 1247 848 1331 premerentur
858 1248 918 1309 aut
932 1261 1047 1308 rerum
1061 1242 1163 1331 copia
1178 1240 1416 1309 mollescerent
1435 1268 1450 1301 n
1467 1238 1609 1328 (Prae.).

291 1355 360 1418 Non
380 1354 451 1416 tota
470 1370 532 1415 sca
554 1370 679 1439 pascua
699 1371 807 1439 prope
828 1347 1004 1416 habehant
1024 1348 1088 1414 sub
1112 1343 1309 1430 moenibus,
1328 1348 1456 1414 civium
1479 1347 1613 1436 pascuis

290 1456 409 1547 procul
425 1456 606 1522 moenibus
624 1453 810 1542 ablegatis,
830 1477 942 1545 neque
962 1460 1121 1545 poterant
1138 1455 1244 1535 cives,
1264 1453 1429 1544 propiora
1449 1451 1515 1520 sibi
1533 1453 1613 1519 solis

290 1568 516 1644 reservantes,
535 1561 664 1629 Levites
685 1560 729 1629 ad
750 1583 876 1651 pascua
898 1562 1082 1628 remotiora
1100 1559 1323 1644 submovere;
1343 1583 1455 1651 neque
1476 1559 1611 1626 Levitae

291 1690 402 1758 neque
420 1669 511 1734 cives
525 1673 683 1758 poterant
703 1673 836 1756 partem
856 1667 932 1754 agri
952 1666 1156 1734 fertiliorem
1178 1667 1245 1734 sibi
1264 1666 1346 1734 solis
1364 1668 1535 1756 arripere,
1552 1665 1611 1732 sed

290 1777 325 1842 in
343 1781 494 1863 quatuor
513 1773 602 1840 coeli
620 1773 778 1864 partibus
800 1774 934 1863 utrique
949 1795 1010 1840 sua
1024 1795 1153 1862 pascua
1173 1773 1362 1842 habebant.
1391 1803 1405 1834 a
1432 1775 1611 1866 Eruntque

290 1883 389 1948 urbes
409 1881 447 1946 in
462 1878 572 1948 medic
590 1906 621 1963 u,
638 1879 696 1947 scd
715 1902 778 1970 pro
794 1907 810 1940 «
829 1891 862 1946 et
873 1879 965 1966 soris
978 1882 1175 1948 suburbana
1193 1909 1208 1940 s
1227 1882 1331 1947 Hebr.
1352 1880 1527 1947 concludit
1540 1901 1572 1946 v.
1592 1885 1610 1944 t

291 2009 342 2076 sq.
365 1988 458 2056 dicta
482 2008 490 2056 :
517 1989 606 2054 Haec
628 1986 721 2053 vobis
744 1997 845 2053 eram
861 2009 995 2076 pascua
1021 1986 1161 2054 urbium
1184 1986 1390 2054 Leuitarum.
1418 2009 1449 2051 v.
1476 1993 1495 2052 6
1522 2013 1538 2048 a
1565 1988 1612 2051 De

293 2093 376 2183 ipsis
395 2106 510 2160 autern
528 2091 678 2184 oppidis,
703 2115 793 2183 perae
813 2093 939 2161 Levitis
959 2093 1101 2178 dabitis,
1122 2115 1182 2160 sea·
1201 2105 1300 2160 eruut
1324 2093 1361 2159 in
1381 2092 1611 2184 supitioorum

292 2199 428 2268 aua'iliu
442 2213 615 2291 separata,
634 2211 672 2266 ut
681 2200 803 2288 sapiat
818 2197 866 2266 ad
879 2221 919 2267 eu
935 2200 995 2290 qui
1009 2199 1145 2288 [cederit
1159 2199 1387 2290 sanquinem
1403 2212 1447 2286 et,
1465 2199 1611 2290 acceptis

290 2307 358 2392 bis,
376 2306 449 2374 alia
471 2305 704 2397 quadrapinta
723 2304 791 2372 duo
811 2303 937 2397 oppida
959 2334 989 2392 ι,
1016 2328 1048 2372 v.
1072 2312 1092 2372 7
1114 2333 1130 2368 «
1154 2306 1177 2372 i.
1200 2329 1229 2373 e.
1254 2306 1358 2373 simal
1380 2305 1613 2396 quadrapinta

292 2428 366 2481 octo
387 2437 465 2481 cum
482 2413 686 2480 suburbanis
705 2412 777 2479 suis
801 2442 830 2478 ι.
858 2411 1008 2480 Tandem
1030 2411 1074 2480 de
1092 2414 1215 2480 harum
1238 2413 1379 2480 urbium
1403 2435 1465 2502 per
1485 2419 1609 2479 terram

292 2527 445 2588 sanctam
465 2519 708 2588 distributione
729 2519 845 2606 agitur
862 2541 896 2586 v.
915 2526 935 2588 8
958 2540 965 2588 :
988 2547 1004 2581 «
1022 2521 1187 2609 ipsaeque
1203 2522 1316 2600 urbes,
1333 2541 1421 2608 quae
1436 2517 1612 2586 dabuntur

294 2626 335 2693 de
349 2626 618 2716 possessionibus
637 2625 791 2714 filiorum
808 2625 928 2714 lsrael,
947 2629 989 2693 ab
1011 2624 1064 2692 bis
1088 2654 1102 2685 u
1125 2625 1314 2714 (tribubus)
1339 2653 1355 2686 a
1378 2626 1441 2716 qni
1454 2624 1537 2714 plus
1552 2627 1612 2691 ba·

293 2735 369 2798 beat
384 2732 501 2821 plures
518 2732 732 2819 perferentur,
751 2745 784 2798 et
803 2732 867 2822 qui
882 2731 998 2798 minus
1010 2731 1195 2820 pauciores
1217 2755 1229 2799 .·
1251 2731 1383 2822 sinpuli
1404 2761 1436 2816 n,
1455 2732 1612 2819 singulae

292 2838 418 2920 tribus,
438 2866 452 2899 o
472 2838 570 2904 inuia
589 2859 784 2904 meresaram
800 2837 1023 2904 baereditatis
1042 2860 1124 2905 snae
1143 2837 1274 2905 dabunt
1294 2837 1422 2930 oppida
1436 2837 1563 2906 Leuitis
1581 2865 1609 2904 u.

573 3033 576 3040 i
680 3067 913 3118 succinatium
929 3070 1020 3130 refugii
1033 3070 1108 3118 Nom.
1125 3071 1227 3130 But-bl.

337 3260 420 3343 Arp.
438 3295 482 3304 -
497 3255 661 3341 Ingressis
673 3253 945 3322 chanaanitiden
959 3254 1193 3342 designandae
1204 3263 1308 3323 erunt
1322 3256 1476 3324 civitates
1487 3255 1612 3342 refugii

293 3383 364 3444 sex,
379 3361 490 3428 trinae
509 3360 556 3428 cis
576 3366 610 3428 et
628 3367 723 3428 trans
743 3360 941 3436 Iordanem,
959 3361 997 3428 in
1017 3384 1103 3452 quas
1124 3364 1327 3450 confugiant
1348 3368 1417 3430 tam
1442 3362 1611 3430 lsraelitae

292 3490 395 3557 quam
412 3467 564 3535 advenae
578 3473 638 3534 aut
650 3467 827 3558 inquilini,
844 3467 906 3558 qui
919 3468 1097 3536 hominem
1112 3467 1314 3536 innocentes
1327 3469 1561 3537 interfecerint
1577 3492 1608 3534 v.

295 3579 409 3641 10-15.
434 3574 495 3652 Qui
520 3574 623 3641 armis
648 3579 707 3642 aut
730 3573 844 3664 lapide
864 3574 1042 3641 hominem
1062 3575 1264 3658 coniecerit,
1284 3578 1367 3644 item
1390 3578 1448 3666 qui
1473 3599 1513 3642 ex
1533 3575 1610 3643 odio

293 3680 520 3769 propellendo
545 3679 599 3746 vel
623 3679 756 3769 aliquid
781 3679 936 3747 iaciendo
961 3703 1065 3748 causa
1090 3680 1207 3748 mortis
1234 3682 1413 3765 exstiterit,
1443 3679 1610 3749 beneficio

294 3784 421 3872 relugii
436 3785 633 3853 excludetur
653 3809 685 3852 v.
709 3792 825 3853 16-21.
845 3785 906 3864 Qui
924 3809 1005 3854 vero
1024 3787 1190 3855 innocens
1209 3789 1357 3856 alterum
1378 3788 1559 3871 occiderit,
1575 3787 1610 3854 in

292 3895 413 3960 urbem
443 3892 567 3978 refugii
594 3899 752 3982 receptus
777 3892 857 3960 inde
885 3893 1096 3984 producetur
1120 3895 1329 3962 iudicandus
1352 3918 1371 3963 a
1393 3894 1555 3986 pontifice
1578 3898 1612 3960 et

292 4000 435 4068 ecclesia
449 4006 498 4081 et,
518 3998 546 4066 si
561 3999 678 4067 insons
691 3999 795 4066 fuisse
814 4000 1069 4088 pronuntietur,
1085 4001 1123 4068 in
1140 4001 1275 4069 civitate
1298 4002 1426 4088 refugii
1448 4024 1484 4068 sc
1503 4000 1610 4068 conti-

291 4106 386 4174 nebit
400 4127 507 4196 usque
527 4105 571 4173 ad
588 4105 760 4196 pontificis
781 4105 931 4186 obitum;
953 4107 982 4174 si
1002 4112 1118 4174 autem
1137 4113 1238 4176 antea
1257 4107 1396 4176 civitate
1416 4106 1608 4187 excesserit,

291 4213 433 4301 impune
445 4235 466 4280 a
480 4211 696 4302 redemptore
712 4212 890 4298 sanguinis
904 4213 1130 4282 interficietur
1141 4238 1174 4281 v.
1197 4221 1311 4283 22-28.
1330 4215 1428 4303 Legis
1445 4214 1610 4304 subscrip·

292 4319 337 4384 tio
352 4318 502 4387 habetor
520 4342 552 4386 v.
575 4325 630 4402 29,
652 4320 707 4387 cui
726 4318 958 4388 adnectuntur
980 4345 1013 4388 v.
1039 4327 1141 4388 30-32
1163 4321 1343 4388 axiomata
1366 4321 1452 4388 iuris
1473 4319 1554 4405 duo,
1576 4320 1610 4388 in

291 4425 457 4493 eiusmodi
472 4425 582 4492 causis
595 4426 713 4493 scdulo
729 4426 968 4496 observanda:
987 4427 1123 4494 nullum
1143 4427 1216 4495 sine
1237 4427 1381 4496 testibus
1404 4428 1523 4496 mortis
1541 4449 1609 4495 esse

290 4531 544 4612 damnandum,
563 4531 694 4600 nullam
709 4533 977 4622 permittendam
993 4533 1268 4625 redemptionem
1286 4535 1338 4618 iis,
1357 4536 1416 4624 qui
1430 4540 1490 4602 aut
1503 4533 1611 4601 homi·

291 4637 373 4705 cidii
393 4636 521 4705 luerint
542 4637 694 4705 damnati
713 4644 772 4706 aut
790 4640 827 4706 in
847 4639 1019 4707 civitatem
1041 4641 1166 4728 refugii
1187 4643 1328 4731 recepti.
1347 4641 1496 4710 Tandem
1518 4664 1549 4709 v.
1569 4647 1610 4707 33

290 4766 340 4833 sq.
355 4743 561 4811 adscribitur
576 4745 681 4812 veluti
697 4746 854 4836 epilopus
870 4744 1027 4836 quidam,
1048 4747 1110 4838 qui
1128 4752 1243 4816 tamen
1259 4770 1328 4816 non
1347 4748 1434 4815 illud
1449 4747 1608 4829 inculcat,

291 4851 384 4938 quod
409 4851 444 4916 in
473 4851 699 4939 praecedente
725 4852 800 4939 lage
831 4853 1043 4942 potissimum
1073 4854 1201 4938 iuerat,
1230 4859 1268 4922 ut
1292 4861 1433 4945 praeter
1459 4853 1612 4921 civitates
