3522 5410
275 381 313 438 18
695 394 774 438 ucri
796 391 951 438 smirrrci
977 391 1174 438 possesione.

273 528 333 595 sed
349 529 463 620 placet
485 534 617 595 vertere
637 528 739 616 qaia,
764 551 832 617 quo
852 527 1019 594 sententia
1043 527 1158 592 evadit
1179 526 1329 614 planior.
1358 531 1448 612 Ergo
1472 526 1597 594 sufficit

274 633 387 702 mariti
412 634 575 724 suspicio,
606 633 701 701 cuius
730 635 802 723 ipse
829 632 959 700 nullam
986 640 1103 713 antea,
1131 655 1172 699 ne
1198 633 1426 722 semiplenam
1452 631 1595 722 quidem

272 741 511 831 probationem
529 741 650 807 allerre
671 747 809 808 tenetur
830 740 885 828 (cl.
911 761 943 804 v.
964 745 1006 806 29
1022 740 1112 828 sqq.)
1135 777 1179 788 —
1193 762 1225 804 v.
1246 743 1285 805 tt
1306 766 1322 800 a
1339 737 1369 805 si
1383 738 1524 830 spiritus
1539 761 1595 805 zc-

274 848 422 937 lotppice
440 876 454 906 »
478 847 676 936 (ζηλὲτυπες,
700 867 880 936 percussus
899 845 1044 934 invidia)
1072 874 1088 906 a
1105 846 1327 912 concitaverit
1346 845 1459 912 cirum
1475 857 1595 911 coritra

274 977 413 1020 risorem
427 975 541 1038 setam,
558 976 644 1042 qaae
657 952 711 1019 ccl
720 951 856 1044 pollata
870 965 918 1019 est
928 953 982 1019 cel
992 951 1088 1039 falsa
1102 953 1292 1042 suspicione
1307 952 1481 1042 appetitur
1497 983 1531 1036 o,
1550 991 1595 1001 -

274 1063 373 1126 Hebe.
391 1081 404 1125 .·
418 1071 451 1126 et
464 1059 599 1126 zelatur
612 1081 753 1125 acorem
768 1081 865 1124 secam
881 1070 912 1126 ct
926 1059 1001 1148 ipsa
1010 1058 1148 1148 polluta
1163 1072 1228 1143 est,
1246 1071 1348 1125 0111...
1364 1058 1497 1126 zelatur
1513 1081 1595 1124 aaa·

188 1187 192 1192 ·
273 1189 342 1234 rem
360 1189 457 1234 suam
480 1178 512 1232 et
535 1167 610 1256 ipsa
635 1189 704 1232 rica
731 1178 778 1231 est
791 1165 941 1255 polluta.
970 1165 1144 1254 Descripto
1179 1188 1210 1230 v.
1240 1171 1281 1232 12
1312 1188 1362 1254 sq.
1392 1165 1534 1244 delicto,
1556 1165 1593 1231 in

274 1275 367 1340 cuius
382 1272 611 1363 suspicionem
621 1295 705 1339 uxor
718 1273 827 1354 veuit,
843 1271 1048 1338 describitur
1058 1295 1091 1337 v.
1111 1275 1150 1338 tt
1165 1271 1273 1340 animi
1288 1271 1455 1355 conditi0,
1472 1273 1508 1338 in
1525 1295 1593 1361 qua

273 1386 322 1446 est
337 1381 479 1446 maritus
496 1401 503 1446 :
521 1379 638 1445 haeret
652 1397 792 1468 auceps3
811 1384 922 1446 certus
938 1383 1034 1446 estse
1050 1377 1241 1468 suspicione
1260 1377 1406 1462 moveri,
1428 1379 1593 1468 suspicio-

272 1508 350 1552 nem
376 1485 538 1551 dirimere
565 1484 658 1550 haud
689 1484 791 1551 valet.
812 1485 980 1574 Spiritum
1007 1483 1199 1574 zelotypiae
1230 1488 1335 1574 Lep,
1364 1484 1471 1550 Calm.
1497 1486 1594 1550 aiunt

273 1594 307 1658 h.
325 1593 348 1660 l.
366 1591 451 1674 dici,
477 1592 526 1657 uti
546 1591 629 1657 alias
650 1591 809 1680 spiritum
832 1591 977 1674 timoris,
996 1589 1211 1680 prudentiae.
1233 1595 1360 1658 Tamen
1380 1591 1439 1657 ille
1455 1590 1593 1680 spiritus

272 1699 397 1765 dicitur
417 1697 562 1764 transire
586 1697 622 1763 in
646 1700 774 1778 virum,
800 1719 884 1782 ergo
902 1697 1110 1784 intelligitur
1131 1702 1280 1764 tentator
1301 1697 1443 1786 spiritus
1466 1698 1527 1782 (cf.
1547 1696 1593 1762 ad

274 1811 289 1871 1
301 1809 385 1890 Reg.
402 1805 533 1892 16,1t);
546 1804 716 1892 zelotypia
728 1804 870 1894 quippe,
883 1803 962 1870 lieet
973 1804 1009 1869 in
1020 1803 1171 1870 hominis
1187 1803 1289 1871 corde
1303 1811 1474 1886 nascetur,
1487 1827 1507 1869 a
1519 1808 1593 1869 ten-

271 1916 380 1978 tatore
393 1915 507 1977 tamen
518 1911 664 1992 fovetur,
681 1905 929 1993 inflammatur,
947 1917 1106 1996 augetur.
1129 1915 1289 1978 Tentator
1300 1909 1360 1976 illc
1377 1911 1497 1999 utique
1509 1931 1591 1999 sup-

271 2005 410 2105 ponitur
433 2038 503 2083 esse
524 2016 634 2084 malus
653 2016 813 2108 spiritus:
835 2015 1039 2103 gravissima
1058 2016 1186 2106 quippe
1210 2016 1247 2083 in
1269 2038 1407 2083 uxorem
1425 2016 1589 2106 suspicio,

271 2124 365 2190 omni
376 2122 553 2190 deficiente
569 2131 661 2190 certa
674 2123 894 2212 probatione,
915 2121 1007 2189 mala
1021 2129 1070 2190 est·
1088 2162 1132 2172 -
1146 2146 1178 2188 v.
1197 2130 1237 2191 15
1257 2152 1271 2183 a
1288 2121 1436 2190 adducet
1456 2122 1595 2190 0001011

191 2266 194 2272 ·
270 2229 494 2312 sacerdotem,
513 2243 546 2295 et
570 2230 697 2318 asseret
721 2228 927 2296 oblationem
948 2251 1011 2318 pro
1034 2227 1115 2310 illa,
1142 2228 1310 2296 decimam
1327 2242 1464 2320 partem
1488 2229 1556 2295 sati
1573 2257 1589 2288 »

272 2337 371 2426 (epha
386 2365 428 2396 =
450 2343 490 2403 10
513 2357 636 2422 gomor
657 2341 895 2418 Ex.16‚3e,38
918 2335 969 2403 lit.
994 2335 1051 2424 88)
1073 2363 1089 2396 a
1110 2335 1253 2423 farinae
1277 2333 1503 2421 hordeacea·
1522 2359 1591 2402 nou

269 2443 396 2531 fundet
410 2465 509 2532 saper
528 2465 603 2510 cam
617 2442 730 2508 oleam
746 2465 806 2508 nec
822 2442 974 2532 imponet
988 2441 1063 2508 tlzus
1081 2470 1095 2500 »
1120 2442 1209 2532 (Lev.
1232 2446 1322 2528 2,i),
1346 2470 1362 2504 «
1384 2442 1469 2532 quia
1484 2442 1591 2509 sacri-

266 2549 385 2638 ficium
400 2549 591 2638 zelotypiae
604 2562 652 2614 est
674 2561 706 2614 et
723 2548 848 2615 oblatio
863 2549 1071 2636 inoestipaos
1085 2547 1295 2616 adrrlteriam
1318 2577 1333 2610 >r
1340 2602 1351 2636 ,
1372 2551 1453 2616 Heb.
1473 2548 1590 2616 :ozin-

270 2654 331 2722 clia
347 2654 556 2721 nicanorialis
573 2653 608 2719 in
627 2655 828 2720 memoriam
849 2677 1009 2720 reuocans
1030 2653 1270 2743 iniquitatem,
1289 2653 1358 2722 sive
1378 2677 1495 2722 veram
1519 2655 1589 2722 sive

269 2760 461 2851 putativam
475 2759 615 2826 admissi
630 2759 804 2827 adulterii.

304 2961 396 3011 Verba
410 2965 465 3016 ulti
481 2967 561 3044 ,ΜΡ
576 2967 663 3016 num
677 2959 796 3010 tortasse
810 2959 999 3023 comparanda
1017 2963 1082 3011 sunt
1102 2960 1238 3011 termulae
1259 2967 1315 3017 ulti
1334 2967 1418 3018 nnita
1435 2959 1511 3028 (Les.
1533 2961 1587 3022 21.

268 3049 330 3100 6.l5
346 3046 422 3113 ete).
439 3049 481 3100 De
495 3049 603 3112 reliquo
616 3049 728 3099 mincha
742 3049 896 3112 zelotypiae
910 3062 966 3100 non
977 3050 1097 3100 minchis
1111 3057 1284 3111 accensetur,
1296 3051 1345 3101 sed
1360 3051 1455 3102 verius
1469 3050 1590 3102 oblatio-

267 3139 348 3189 nibus
362 3151 414 3202 pro
428 3139 542 3202 peccato
559 3140 619 3188 :uti
634 3138 688 3188 hae
702 3137 771 3188 Lev.
791 3138 864 3199 5,11,
882 3138 994 3189 carebat
1007 3139 1070 3190 oleo
1085 3142 1113 3190 et
1127 3139 1222 3200 thure;
1237 3140 1362 3203 pugillus
1377 3139 1590 3190 comburebatur

268 3227 340 3291 (cum
353 3241 379 3275 v.
396 3225 430 3276 26
445 3226 480 3276 ci.
496 3227 564 3278 Lev.
580 3225 669 3292 bii),
685 3226 795 3290 reliqua
811 3227 949 3277 sacerdoti
967 3226 1111 3278 cedebant.
1131 3226 1305 3278 Sacrificium
1324 3228 1477 3292 zelotypiae
1496 3227 1589 3292 digni-

268 3321 325 3368 tate
339 3316 427 3366 veluti
440 3314 569 3366 infimum
583 3318 643 3366 erat
657 3317 731 3366 inter
745 3313 883 3366 sacrificia
899 3329 904 3364 :
922 3315 1092 3366 offerebatur
1106 3317 1160 3366 ritu
1175 3315 1374 3368 sacnssciormn
1390 3330 1440 3379 pro
1457 3321 1586 3381 peccam,

268 3418 339 3469 qliae
357 3405 543 3466 holocaustis,
559 3405 692 3464 minchis,
707 3401 831 3468 pacificis
850 3407 931 3455 erant
951 3405 1044 3454 minus
1065 3405 1163 3468 dignm
1180 3412 1209 3455 et
1230 3417 1341 3469 semper
1360 3409 1389 3455 et
1406 3405 1441 3454 ab
1459 3406 1588 3456 omnibus

269 3492 436 3544 eliciebatur
449 3493 505 3542 ritu
519 3504 674 3556 pauperum
689 3492 756 3544 Lev.
774 3493 815 3554 5‚i
824 3493 846 3543 1.

313 3689 345 3734 v.
364 3672 403 3733 16
417 3692 433 3728 a
447 3666 576 3755 Offeret
588 3667 695 3755 ipitw
704 3689 779 3733 eam
788 3667 944 3734 sacerdos
961 3695 990 3752 n,
1004 3669 1283 3758 appropinquare
1294 3668 1396 3734 faciet
1405 3667 1587 3734 mulierem

268 3773 325 3862 (01.
343 3795 376 3839 ν.
400 3773 469 3862 18),
494 3801 509 3833 «
532 3785 564 3838 et
582 3783 710 3839 statuet
730 3795 843 3840 caram
862 3775 1006 3840 Doctrina
1021 3801 1060 3855 »,
1077 3797 1110 3842 v.
1131 3782 1171 3842 17
1197 3803 1213 3836 «
1231 3786 1445 3864 assumetque
1458 3797 1587 3864 aqrtam

266 3891 422 3947 salictam
435 3877 472 3945 in
490 3901 566 3945 vase
576 3879 681 3968 fictili
698 3907 712 3938 ι)
734 3879 790 3968 (01.
806 3885 883 3948 Lev.
904 3886 994 3965 ili).
1013 3882 1087 3970 50),
1104 3886 1222 3972 postea
1235 3881 1375 3948 fortasse
1395 3881 1586 3969 frangendo

267 3987 357 4076 (Lev.
377 3986 503 4076 insa),
533 4013 548 4046 (ι
569 3985 813 4078 etpaacillam
830 3999 940 4054 terrac
960 3987 1001 4054 dc
1021 3987 1219 4076 pavimento
1238 3987 1453 4055 tabernaculi
1476 3988 1587 4054 mittet

266 4093 390 4160 ineam
405 4121 434 4161 u.
464 4115 497 4160 v.
522 4097 563 4160 18
584 4121 599 4155 a
622 4093 1116 4183 (3111110110110101110111110110
1138 4089 1322 4184 conspecta
1340 4093 1492 4175 Deretini,
1514 4093 1585 4160 dis-

266 4199 432 4289 cooperiet
453 4211 559 4288 caput
571 4198 663 4281 eius,
680 4212 712 4266 ct
722 4211 831 4289 ponet
844 4223 947 4290 saper
960 4222 1083 4267 orantis
1097 4198 1191 4266 illias
1205 4199 1415 4288 sacrificium
1427 4199 1585 4268 recorda·

266 4305 369 4372 tionis
388 4307 445 4393 [etl
472 4305 680 4374 oblationem
694 4305 888 4396 zelotypiae
895 4329 908 4386 ,·
923 4307 994 4398 ipse
1013 4318 1128 4373 autem
1144 4306 1270 4372 tenebit
1286 4329 1396 4398 aquas
1411 4305 1585 4374 0010111117-

266 4435 354 4498 mas,
374 4413 420 4501 [in
436 4413 559 4501 peribas
575 4435 652 4480 cnm
669 4413 909 4502 exsecratione]
931 4412 1114 4480 maledicta
1128 4414 1314 4504 [conpessit]
1334 4443 1364 4480 ».

302 4627 407 4684 Aquam
420 4627 539 4670 sanctam
552 4621 614 4670 tri
627 4607 801 4684 interpretati
817 4624 882 4670 sunt
895 4634 992 4685 puram
1008 4622 1110 4682 uicum,
1129 4619 1225 4672 ciete.
1241 4635 1302 4674 eam
1318 4636 1333 4674 e
1348 4623 1425 4674 labro
1438 4635 1527 4674 aeneo
1540 4634 1586 4673 re·

267 4711 356 4777 petiit,
372 4708 447 4773 Syia.
464 4711 583 4761 censet«
600 4711 703 4760 sanctis
715 4711 812 4760 usibus
826 4712 855 4759 in
866 4710 1047 4762 tabernaculo
1061 4711 1222 4776 deputatam
1234 4729 1258 4762 i.
1274 4739 1309 4749 -
1327 4713 1361 4760 V.
1382 4711 1412 4762 18
1427 4711 1512 4762 tradit
1526 4713 1586 4762 eiua

267 4812 357 4864 aquae
372 4813 474 4850 nomon
491 4805 632 4856 blitum
654 4805 756 4857 :itinn
769 4805 815 4855 in,
834 4805 936 4858 0³an
952 4802 995 4852 est
1009 4815 1117 4851 amarae
1130 4799 1216 4869 (Veia.
1235 4800 1329 4852 Chald.
1344 4799 1417 4866 Syr.)
1426 4815 1435 4862 ,·
1448 4801 1498 4854 sed
1510 4802 1582 4851 Sani.
1623 4809 1624 4812 ’
