3522 5410
713 449 786 492 uun.
809 433 862 502 6,4
883 449 945 502 sao.
1452 437 1491 496 55

173 605 243 649 uon
258 583 379 649 bibent.
401 585 487 648 Uvas
499 593 646 648 recentes
662 581 837 671 siccasque
852 605 922 648 non
939 582 1114 649 comedent
1130 609 1145 643 u
1157 605 1190 649 v.
1209 588 1228 649 i
1246 611 1262 644 a
1278 583 1406 650 attactis
1422 582 1491 650 die-

174 692 248 774 bus,
268 689 417 780 [quibus]
435 711 477 755 ca
494 699 569 754 uoto
587 688 744 776 [Domino
760 691 1029 777 consecrantur}
1050 688 1230 778 Quidquid
1247 713 1289 756 eu
1305 691 1404 757 uiueu
1421 713 1490 756 csse

167 807 297 886 potest,
313 799 354 863 ub
372 817 441 861 riou
456 818 560 885 passu
574 817 680 884 usque
693 794 905 879 arietinum,
921 819 991 862 noa
1005 795 1181 863 comedent
1197 823 1226 864 n.

209 987 386 1038 proscribere
401 985 520 1036 intendit
535 985 581 1035 lex
595 985 770 1049 potissimum
788 985 923 1050 quidquid
939 986 973 1036 de
988 987 1044 1037 vite
1057 986 1195 1050 provenit.
1216 985 1352 1036 Videntur
1367 987 1489 1051 antiqui·

173 1081 233 1139 tus,
248 1077 296 1139 qui
311 1075 359 1125 tali
374 1087 404 1125 se
425 1077 490 1124 voto
511 1074 737 1136 obstringebani,
754 1075 847 1138 egisse
865 1072 994 1126 similiter
1007 1079 1091 1139 atque
1114 1077 1202 1140 agunt
1217 1073 1367 1125 hodiedum
1386 1076 1488 1140 aliqui,

172 1166 220 1228 qui
235 1164 355 1214 similem
369 1163 566 1212 abstinentiam
580 1161 743 1225 profitentes
758 1163 956 1214 abstinentiam
970 1177 1049 1214 suam
1063 1163 1198 1214 continuo
1212 1163 1332 1214 limitare
1348 1165 1487 1214 nituntur:

172 1252 307 1316 quasdam
320 1251 377 1300 vini
392 1255 440 1302 aut
455 1251 572 1316 liquoris
583 1251 692 1315 species
706 1251 845 1312 eximunt,
862 1253 1027 1315 permittunt
1041 1253 1094 1303 sibi
1108 1255 1205 1302 vinum
1220 1253 1351 1304 haustum
1367 1266 1423 1302 uon
1438 1265 1489 1316 pro

171 1346 252 1404 potu,
267 1341 316 1391 sod
330 1353 381 1404 pro
396 1339 588 1400 condimento,
605 1342 658 1390 otc.
676 1339 783 1414 Contra
794 1342 914 1391 similem
929 1341 1072 1392 licentiam
1086 1343 1126 1392 ita
1139 1353 1239 1392 severe
1257 1341 1382 1405 procedit
1394 1345 1490 1392 nostra

171 1431 230 1490 lex,
247 1431 278 1480 ut
291 1429 337 1479 vel
351 1441 420 1479 uvas
435 1440 533 1494 passas
549 1428 699 1480 eoniodiat.
717 1429 932 1480 Proscribuntur
945 1432 1031 1492 igitur
1044 1431 1165 1495 primum
1179 1444 1205 1480 v.
1224 1431 1238 1480 3
1255 1429 1346 1480 uiuum
1360 1435 1388 1480 et
1404 1431 1489 1480 sicera

172 1519 249 1580 (Lev.
268 1518 329 1578 10,9
345 1530 351 1567 ε
368 1519 460 1568 onrnls
473 1518 585 1582 praeter
605 1519 701 1568 vinum
715 1523 799 1582 potus
818 1517 968 1584 inebrians)
989 1525 1067 1570 etex
1087 1523 1206 1584 utroque
1230 1527 1332 1568 acetum
1351 1531 1489 1582 omneque

172 1607 305 1670 liquidum
319 1621 349 1655 ea
368 1608 428 1656 uois
443 1603 547 1672 (utut),
568 1620 595 1656 v.
615 1619 642 1670 g.
657 1619 756 1658 succus
773 1620 872 1658 recens
887 1621 1049 1671 expressus,
1065 1608 1177 1658 tandem
1192 1621 1259 1657 uuae
1279 1607 1357 1671 ipsae
1373 1613 1428 1658 iam
1443 1621 1489 1658 re-

170 1699 265 1747 centes
279 1708 362 1760 quam
377 1708 487 1760 passae.
506 1695 584 1745 llanc
602 1696 837 1746 comedendarum
853 1709 970 1746 uvarum
985 1697 1200 1760 prohibitionem
1217 1698 1374 1760 emphatico
1388 1698 1489 1760 repetit

169 1797 196 1834 v.
214 1784 228 1834 i
244 1797 251 1833 :
268 1798 298 1832 ec
312 1785 449 1844 omnibus,
466 1798 534 1846 quiue
549 1785 617 1848 fiunt
632 1797 663 1833 ea
677 1785 745 1844 cite,
761 1799 777 1832 a
792 1786 891 1834 sesninc
907 1787 940 1834 ad
954 1785 1126 1849 pelliculam,
1144 1801 1195 1834 nou
1213 1787 1360 1835 comeduis.

212 1972 245 2016 v.
269 1957 289 2018 5
314 1976 330 2012 u
355 1949 459 2016 Omni
483 1961 633 2038 tempore
656 1950 934 2040 separationis»,
962 1951 984 2016 i.
1010 1973 1039 2016 e.
1067 1949 1348 2031 consecrationis,
1374 1977 1390 2011 a
1406 1971 1488 2018 strue

168 2055 336 2122 nouacula
354 2078 425 2122 nou
438 2055 600 2122 transibit
611 2077 676 2145 per
691 2068 796 2145 caput
811 2057 884 2123 eius
897 2079 1002 2146 usqam
1017 2055 1066 2123 ud
1077 2056 1281 2147 corripientur
1296 2055 1403 2142 dicut,
1419 2079 1487 2145 quo

168 2163 311 2228 Domino
337 2174 555 2228 cousecratur·
578 2189 611 2245 a,
636 2185 696 2229 seu
719 2164 833 2229 verius
858 2184 865 2230 :
890 2162 1068 2252 usquead
1090 2163 1273 2253 completos
1293 2161 1380 2246 dica,
1403 2184 1488 2251 quos

168 2268 312 2334 Doniiuo
333 2267 558 2353 consecrauit,
577 2269 767 2357 usquedum
782 2267 929 2359 exspiret
944 2279 1094 2358 lempna,
1113 2291 1175 2358 pro
1195 2291 1264 2357 quo
1279 2291 1313 2334 se
1328 2275 1407 2334 voto
1425 2269 1487 2335 ob-

167 2375 311 2440 strinxit.
326 2401 341 2434 «
352 2376 499 2441 Sanctus
512 2374 751 2442 critcresceute
765 2374 915 2441 caesarie
931 2376 1051 2464 cupitis·
1067 2375 1141 2442 eius
1153 2403 1183 2442 a.
1195 2374 1305 2442 Etiam
1316 2380 1392 2442 Lev.
1408 2380 1486 2456 aba

168 2481 331 2547 caesaries
351 2485 483 2547 retenta
503 2481 675 2548 sanctitati
691 2483 883 2570 copulatur.
905 2481 952 2549 ui.
970 2485 1026 2548 Ex.
1046 2487 1159 2566 iaus.
1178 2479 1334 2548 Cultrum
1353 2481 1407 2546 vel
1425 2503 1486 2546 no·

166 2589 286 2654 vacula
300 2585 531 2655 censebantur
545 2586 682 2654 laedere
706 2609 780 2654 rem
798 2609 857 2654 seu
877 2609 1061 2677 personam
1080 2591 1149 2655 Deo
1164 2594 1395 2674 segregatam.
1415 2610 1447 2652 v.
1466 2594 1485 2654 6

167 2721 182 2754 a
213 2693 315 2760 Omni
328 2706 475 2783 tempore
489 2693 759 2760 consecrationis·
769 2717 852 2762 suae
862 2717 965 2783 supet·
975 2706 1150 2762 mortuum
1162 2716 1231 2762 nou
1242 2693 1458 2784 inpretiietur
1468 2722 1484 2756 »

167 2800 223 2888 (cf.
241 2803 318 2868 Lev.
343 2799 477 2889 mni),
499 2799 612 2866 funeri
634 2800 722 2867 nulli
743 2801 942 2890 participet,
964 2824 997 2870 v.
1018 2809 1037 2868 7
1062 2830 1077 2864 κ
1093 2823 1154 2868 uec
1173 2801 1397 2890 superpatris
1412 2802 1486 2890 qui-

165 2905 241 2972 dem
253 2917 285 2971 et
297 2907 417 2972 arauiris
429 2918 462 2972 et
470 2905 596 2992 scutris
611 2906 804 2996 sororisque
821 2908 970 2997 [funere]
988 2907 1290 2993 contaminabitur,
1308 2906 1393 2998 quia
1406 2930 1485 2974 con-

164 3013 308 3078 secratiu
328 3011 392 3079 Dei
414 3013 468 3079 sui
481 3034 582 3101 suaper
597 3026 702 3103 caput
717 3013 791 3080 eius
810 3025 859 3080 est
876 3041 912 3095 a,
934 3013 1071 3080 intonsa
1089 3015 1258 3081 caesaries
1276 3013 1343 3102 (Sil
1366 3013 1407 3102 .);
1426 3014 1483 3101 qui

164 3139 246 3184 vero
265 3119 384 3185 funere
403 3119 673 3208 participabant,
698 3119 942 3187 tondebantur.
969 3143 1003 3187 v.
1024 3127 1044 3187 8
1067 3149 1082 3182 a
1105 3120 1268 3187 Omnibus
1292 3119 1410 3186 diebus
1432 3142 1483 3186 se-

157 3225 353 3315 parationis
370 3252 386 3286 »
403 3247 462 3292 seu
474 3225 740 3293 consecrationis
756 3253 772 3288 ι(
789 3249 871 3292 strae
884 3238 1024 3294 satiatus
1041 3227 1105 3293 erit
1119 3225 1265 3292 Domina
1280 3253 1311 3292 n.

199 3432 368 3484 Constantes
390 3429 424 3498 tv.
443 3432 468 3482 i.
481 3433 506 3482 5.
520 3431 546 3484 6.
559 3431 583 3498 8)
601 3433 765 3492 inculcatur,
781 3434 1021 3484 consecrationem
1039 3433 1141 3484 debere
1156 3435 1301 3485 observari
1315 3433 1481 3484 continuum.

163 3521 235 3580 Quid
249 3534 316 3572 vero
330 3522 354 3570 si
369 3533 403 3571 ea
422 3522 658 3586 interrumpatur?
674 3522 907 3572 Praetermittitur
925 3523 1085 3572 voluntaria
1105 3523 1287 3587 interruptio,
1303 3512 1378 3586 uuae
1397 3535 1480 3584 sane,

161 3609 209 3658 ubi
223 3609 257 3659 de
272 3622 306 3659 ea
318 3608 478 3670 constabat,
490 3611 616 3660 severius
627 3610 804 3674 puniebatur.
822 3610 1015 3660 Invoiuntaria
1027 3610 1189 3672 habebatur,
1205 3611 1318 3674 quando
1332 3617 1481 3675 praesente

161 3710 298 3748 nazaraeo
314 3703 441 3748 mortuus
452 3696 515 3760 quis
534 3699 689 3748 corruebat.
707 3697 784 3748 idem
799 3699 968 3762 expiationis
987 3700 1057 3748 ritus
1078 3712 1105 3748 v.
1123 3697 1191 3749 9-l‘t
1211 3702 1271 3750 erat
1293 3713 1362 3750 sane
1382 3699 1479 3750 obser-

160 3786 282 3846 vandus,
300 3787 347 3836 ubl
362 3787 426 3851 quis
441 3787 544 3836 invitus
557 3788 655 3836 vinum
669 3786 806 3849 deglutire
822 3787 974 3849 cogebatur
988 3789 1037 3837 aut
1055 3789 1159 3838 invitus
1173 3789 1350 3838 tondebatur.
1366 3813 1402 3825 -
1416 3802 1442 3837 v.
1463 3789 1478 3838 9

162 3881 251 3934 0an
263 3881 346 3933 lim
358 3883 365 3927 :
377 3875 448 3926 duae
463 3888 547 3926 voees
559 3881 602 3926 sat
612 3876 719 3926 similes
733 3877 806 3926 inter
817 3876 977 3926 secundem
988 3877 1072 3939 plane
1085 3889 1200 3927 sensum
1211 3878 1326 3938 habeut,
1339 3883 1476 3926 rnamenta.

161 3963 278 4014 Potuere
293 3963 457 4026 apographa
473 3963 610 4027 quaedem
629 3977 714 4014 unam
733 3977 829 4014 earum
843 3976 945 4014 vocum
959 3965 1078 4027 habero,
1095 3964 1153 4015 alia
1169 3966 1299 4025 alteram,
1317 3965 1382 4014 dein
1400 3977 1478 4015 ania-

159 4051 275 4099 nuensis
289 4051 391 4114 aliquis
402 4052 499 4102 ambas
511 4065 594 4102 voces
609 4051 765 4115 descripsit.
787 4053 877 4102 Aliter
896 4057 989 4102 tamen
1005 4043 1124 4116 iungunt
1135 4055 1200 4104 iti
1214 4065 1222 4103 :
1238 4055 1262 4102 si
1279 4054 1410 4102 iuoriotur
1420 4053 1479 4116 quis

159 4137 260 4198 subito,
278 4137 352 4188 illico
376 4138 512 4204 polluetur
532 4147 621 4204 caput.
649 4141 724 4203 Vutp.
742 4153 837 4191 vocem
858 4140 933 4190 illico
948 4142 978 4191 ln
999 4141 1129 4191 ultimum
1152 4143 1271 4191 incisum
1292 4139 1477 4202 transieram,

159 4227 268 4289 cogitur
282 4227 411 4290 copulam
428 4229 550 4280 inserere
565 4232 703 4294 caputque
718 4230 839 4280 bominis
849 4229 894 4279 bis
908 4231 1015 4280 radere.

201 4432 234 4477 v.
253 4415 273 4474 9
289 4408 359 4475 «Si
374 4421 489 4475 utitem
506 4423 658 4478 artortuus
669 4411 780 4499 puerit
792 4411 904 4477 subito
918 4411 1092 4502 quispiam
1107 4433 1220 4478 cerunt
1233 4435 1288 4494 eo,
1299 4413 1478 4504 polluetur

159 4527 262 4605 capitit
277 4516 540 4582 corraeorutiouis
561 4517 645 4583 eiua.
665 4517 765 4599 Qrtod
778 4517 876 4583 radet
891 4518 984 4584 illico
1001 4519 1038 4584 iu
1055 4517 1174 4584 eudem
1188 4519 1244 4585 dic
1255 4521 1477 4610 [astructionis

157 4645 239 4688 suae
261 4651 294 4708 »,
319 4622 458 4712 quando
479 4645 499 4689 a
522 4624 809 4692 contaminatione
831 4625 961 4691 funeris
976 4625 1194 4713 purgabitur,
1218 4655 1234 4686 a
1258 4627 1302 4714 [et
1326 4629 1474 4716 rursum]

157 4727 300 4819 septima
310 4757 340 4795 ».
355 4729 405 4796 id
415 4731 598 4820 septimum
610 4752 718 4818 usque
732 4731 823 4797 diem
834 4753 874 4797 ea
882 4731 1124 4798 contaminatio
1137 4732 1349 4821 perdurabat
1362 4741 1473 4816 19,11.

161 4841 212 4901 li.
233 4842 285 4901 16.
306 4843 358 4903 19.
377 4860 411 4904 v.
431 4843 471 4903 io
495 4867 509 4896 α
528 4837 565 4901 in
583 4848 703 4902 octavu
718 4849 831 4903 uertens
847 4835 903 4903 die
917 4839 1038 4926 offeret
1053 4835 1138 4904 duas·
1158 4851 1305 4905 trutines
1326 4841 1377 4907 rei
1391 4840 1475 4907 ditos·
