3572 5396
696 441 852 486 encouruu
873 440 990 486 norsrs.
1447 429 1501 487 itii

188 597 255 665 que
274 576 430 642 oratiam
451 574 557 642 dubio
571 574 679 642 locus.
697 580 739 640 at
755 579 890 664 poterat
905 579 1029 663 Moyses
1043 571 1222 657 dubitare,
1240 597 1355 642 annon
1369 577 1403 642 id
1419 582 1505 644 Deus

188 680 329 748 deberet
344 703 425 748 suae
440 680 609 765 iustitiae,
628 688 665 748 ut
684 680 728 747 ah
745 681 960 767 ignoscendis
977 681 1095 771 populi
1114 680 1247 748 delictis
1266 682 1403 749 tandem
1421 688 1505 750 tem-

188 792 325 877 peraret
348 808 499 877 suaeque
526 786 782 854 misericordiae
801 787 945 853 limitcm
969 793 1128 876 poneret..
1151 792 1262 853 Monet
1282 790 1382 878 Lep..
1408 811 1505 858 senes

189 893 322 960 facilius
340 893 506 961 concitari
525 893 570 960 ad
588 894 713 972 bilem,
732 893 1000 983 impatientiam,
1025 893 1254 960 diffidentiam
1274 900 1309 960 et
1328 895 1505 984 pusillani-

188 1000 354 1066 mitatem.
369 999 605 1089 Impatientius
620 1001 692 1090 ipse
711 1001 791 1070 tulit
810 1001 899 1067 hanc
918 1021 1044 1067 novam
1063 1000 1184 1090 populi
1199 999 1336 1067 turbam
1355 1009 1430 1090 post
1449 1025 1505 1069 ca·

188 1107 399 1174 rissimorum
422 1129 561 1176 suorum
586 1106 768 1173 levitarum
794 1128 869 1196 cap.
896 1113 936 1174 16
961 1106 1016 1172 vix
1041 1107 1264 1196 compositam
1287 1107 1503 1175 seditionem.

189 1211 249 1280 Cui
268 1212 463 1280 cecinerant
476 1214 514 1280 hi
528 1237 560 1280 v.
581 1219 612 1279 3.
633 1219 672 1279 13
691 1233 699 1279 :
717 1213 869 1279 Sufficiat
887 1211 969 1296 tibi,
988 1213 1069 1280 satis
1083 1218 1133 1279 est
1147 1211 1391 1280 dominationis
1410 1219 1502 1282 tuae.

188 1321 348 1388 Haeserat
366 1319 561 1387 amaritudo
581 1318 697 1388 animo
712 1318 818 1408 ipsius
840 1337 847 1384 :
866 1319 952 1386 Satis
971 1325 1021 1386 est
1036 1318 1217 1386 turbarum
1231 1328 1434 1402 vestrarum,
1453 1343 1505 1388 res

188 1432 238 1492 cst
251 1426 352 1515 plane
367 1425 610 1506 intolerabilis,
628 1447 672 1491 ne
687 1424 732 1492 ab
746 1423 884 1492 infinita
899 1425 1039 1515 quidem
1057 1425 1115 1491 Dei
1130 1425 1366 1492 misericordia
1379 1426 1506 1495 diutius

187 1532 341 1600 ferenda.
359 1537 469 1622 Atque
485 1533 570 1599 haec
586 1531 734 1598 sentiens
752 1553 824 1598 non
844 1532 1090 1599 recordabatur
1106 1532 1180 1621 ipse
1200 1532 1429 1600 multitudinis
1445 1535 1507 1601 mi-

189 1637 393 1706 sericordiae
409 1637 482 1721 Dei,
500 1660 568 1704 non
583 1637 799 1725 intelligebat
812 1639 931 1728 priora
950 1638 1140 1725 magnalia,
1156 1638 1338 1726 ignorabat
1357 1639 1414 1706 liei
1430 1663 1507 1708 con·

187 1744 317 1825 silium,
339 1768 408 1811 riori
426 1745 592 1812 credebat.

152 1943 155 1952 ·
224 1917 279 1970 Sed
293 1917 389 1968 obiicit
402 1917 508 1980 Bonsr„
523 1929 581 1967 non
595 1919 720 1980 potuisse
740 1915 854 1978 Moysen
877 1915 1003 1967 dubitare
1022 1917 1188 1979 largiturum
1207 1929 1269 1968 esse
1290 1917 1379 1968 Deum
1400 1933 1502 1983 aquas,

189 2005 264 2070 quod
279 2018 327 2056 eas
341 2018 371 2056 se
390 2005 519 2056 daturum
543 2005 619 2056 Deus
639 2019 666 2054 v.
682 2005 696 2054 8
715 2005 842 2054 absolute
866 2006 1048 2066 promisisset.
1065 2004 1118 2056 Cui
1135 2001 1306 2068 respondeo,
1322 2007 1411 2058 Deum
1434 2009 1503 2060 Gen.

191 2094 271 2156 tait
286 2095 413 2145 absolute
427 2095 590 2156 promisisse
615 2093 701 2144 Iudae
725 2094 911 2156 principatum
934 2093 1073 2154 gentium,
1088 2099 1115 2144 et
1132 2099 1225 2144 tamen
1243 2095 1287 2144 bis
1307 2095 1359 2146 Ex.
1378 2095 1458 2155 satu
1479 2099 1506 2148 et

188 2184 272 2234 Num.
292 2183 370 2244 ibit
384 2184 519 2232 minatum
535 2195 613 2242 esse,
630 2183 745 2232 vallese
760 2183 862 2232 tribum
880 2181 949 2230 luda
966 2194 1022 2229 una
1037 2194 1100 2231 cnm
1113 2182 1229 2245 reliquis
1242 2184 1368 2234 tribubus
1380 2185 1506 2246 stirpitus

188 2272 318 2324 evellere.
338 2273 432 2322 Potuit
454 2272 545 2322 simile
566 2270 633 2335 quid
657 2271 768 2332 Moyses
790 2275 952 2332 exspectare
977 2269 1069 2332 quoad
1090 2257 1256 2332 promissam
1276 2285 1291 2322 e
1310 2285 1378 2334 rupe
1393 2285 1504 2336 aquam.

189 2361 270 2422 Quod
285 2373 449 2426 responsum
464 2373 532 2410 sane
551 2360 661 2423 planius
677 2362 719 2408 est
740 2371 790 2420 eo,
807 2357 882 2422 quod
901 2360 1028 2421 suggerit
1048 2358 1126 2418 lieu,
1143 2362 1257 2421 putasse
1281 2360 1395 2421 Moysen
1417 2361 1506 2412 Deum

188 2451 247 2501 v.8
271 2451 394 2499 locutum
418 2461 479 2499 esse
502 2460 551 2511 per
574 2449 714 2498 ironiam:
732 2461 768 2496 an
785 2455 991 2497 sacrosanctam
1016 2448 1093 2496 illam
1119 2449 1227 2510 virgam
1246 2449 1422 2499 adhibiturus
1446 2459 1505 2500 erat

188 2539 263 2590 Deus
280 2537 315 2588 ad
329 2539 385 2587 vim
405 2537 563 2588 addendam
577 2539 683 2586 ironiae
700 2535 801 2586 alicui?
814 2535 918 2585 Verum
940 2548 1117 2599 nequaquam
1137 2535 1289 2588 concedere
1309 2539 1434 2600 cogimur
1453 2537 1505 2588 du-

188 2629 292 2678 bitasse
312 2627 441 2689 Moysen,
458 2630 569 2676 essetne
584 2626 659 2676 Deus
674 2628 732 2676 tum
747 2637 849 2688 aquam
871 2637 886 2674 e
901 2637 971 2688 rupe
989 2624 1189 2688 producturae,
1204 2625 1279 2688 quod
1297 2626 1424 2678 absolute
1438 2639 1506 2690 pro·

188 2719 301 2768 miserat
315 2717 391 2766 Deus
408 2727 436 2762 v.
452 2715 477 2766 8.
496 2715 589 2765 Potuit
609 2717 667 2777 ipse
687 2713 791 2764 sentire
813 2714 921 2762 diuinos
945 2713 1130 2762 miserationes
1153 2713 1250 2778 populi
1267 2717 1434 2766 coutumacia
1453 2729 1505 2766 esse

185 2806 376 2871 propemodum
390 2805 547 2865 exhaustus,
563 2807 647 2866 atque
661 2807 725 2865 post
737 2815 823 2852 unum
836 2803 989 2852 alterumve
1004 2803 1100 2865 populi
1115 2802 1247 2853 delictum
1262 2817 1324 2854 esse
1339 2803 1503 2856 delecturas.

188 2895 230 2945 lta
245 2895 371 2958 quaestio
386 2907 413 2942 v.
433 2893 463 2942 iu
484 2905 540 2942 non
555 2893 685 2954 exprimit
709 2891 837 2949 dubium,
854 2905 890 2940 au
905 2892 951 2940 hio
972 2893 1001 2941 et
1015 2904 1091 2942 nunc
1104 2905 1177 2955 aqua
1197 2892 1233 2942 sit
1256 2895 1438 2955 proruptura;
1457 2894 1505 2944 sed

185 2996 287 3034 sensus
301 2983 346 3031 hio
361 2987 403 3032 est
420 2996 425 3030 :
440 2981 541 3031 Vestra
553 2981 655 3030 delicta
673 2979 784 3030 abunda
800 2979 859 3030 Deo
874 2983 968 3030 essent
986 2981 1058 3030 ratio
1073 2993 1163 3043 aquae
1178 2979 1375 3043 denegandae,
1392 2987 1506 3045 propter

187 3072 342 3122 absolutam
354 3083 380 3119 v.
399 3069 413 3120 8
427 3071 640 3132 promissionem
651 3069 740 3128 dabit;
753 3067 802 3118 sed
815 3073 911 3118 cavete
922 3081 956 3118 ne
971 3069 1072 3118 iterum
1085 3081 1149 3118 eum
1162 3068 1325 3127 offendatis,
1338 3072 1403 3133 quia
1416 3083 1505 3132 paene

187 3162 341 3210 exhaustae
356 3160 410 3207 iam
423 3163 487 3208 sunt
500 3159 694 3208 miserationes
702 3158 762 3208 eius
772 3167 779 3210 :
790 3159 917 3230 prpxima
929 3157 989 3206 vice
1002 3157 1193 3207 destruemini.
1202 3158 1274 3220 Ergo
1284 3158 1398 3222 sufficiet
1415 3159 1505 3223 desen·

188 3249 453 3310 (taratarantium
469 3248 608 3310 augustius
626 3247 657 3294 de
672 3246 767 3294 diuino
788 3245 972 3294 misericordie
987 3246 1098 3293 sensisse
1114 3245 1194 3306 idque
1208 3247 1295 3296 uerbis
1314 3261 1338 3294 v.
1356 3235 1386 3296 1'0
1401 3261 1504 3312 expres·

187 3339 264 3398 sisse,
276 3350 332 3385 uon
346 3349 407 3386 uero
422 3336 579 3400 expressisse
597 3334 716 3392 dubium,
733 3339 824 3381 utrum
837 3334 879 3382 liic
894 3339 917 3381 et
932 3347 1003 3384 uuus
1015 3347 1087 3396 aquo
1100 3342 1164 3382 esset
1179 3342 1356 3398 proruptura.
1373 3335 1445 3386 Hine
1458 3349 1504 3386 ex·

186 3427 304 3491 plicatur
328 3427 437 3475 insueta
460 3423 608 3476 verborum
632 3436 658 3472 v.
679 3421 708 3471 10
733 3420 843 3471 torma:
863 3437 874 3468 r
891 3421 956 3471 Non
980 3422 1022 3471 sic
1043 3423 1121 3485 loqui
1143 3429 1381 3482 consueverat,tr.
1399 3437 1503 3488 geum

187 3529 263 3566 mare
276 3515 425 3572 divideret,
441 3514 496 3562 imo
511 3525 574 3562 cum
586 3515 644 3562 tam
668 3511 763 3560 multis
778 3510 869 3574 plagis
884 3511 1042 3573 Aegyptum
1058 3510 1227 3562 verberaret.
1244 3512 1306 3561 Non
1328 3513 1397 3563 dixit
1412 3527 1418 3562 :
1431 3513 1504 3563 Num

187 3604 222 3655 de
241 3603 333 3654 fluviis
350 3616 433 3652 ranas
450 3602 602 3665 poterimus
619 3601 733 3658 eiicere,
751 3611 818 3648 num
841 3597 1007 3661 grandinem
1028 3611 1090 3648 cum
1110 3600 1176 3661 igne
1195 3599 1229 3650 de
1249 3602 1328 3651 coelo
1347 3601 1502 3666 deponere,

186 3705 253 3742 num
269 3693 344 3743 Mare
359 3692 485 3741 Rubrum
501 3691 531 3739 ln
544 3689 696 3740 divisiones
716 3689 869 3751 poterimus
891 3685 1032 3737 dividere?
1045 3687 1098 3737 Hic
1116 3689 1298 3740 exacerbatus
1317 3691 1377 3740 eius
1391 3692 1504 3754 spiritus

187 3794 275 3846 paene
288 3780 372 3830 fidem
388 3779 532 3843 perdidit»
551 3777 653 3844 (bap).

224 3871 279 3921 Cur
294 3877 350 3920 tam
363 3881 460 3920 severe
475 3870 564 3930 puniti
580 3867 657 3918 luere
680 3868 733 3916 viri
748 3867 808 3916 Deo
829 3871 885 3916 tam
907 3865 981 3915 cari?
996 3865 1096 3916 Nonne
1115 3866 1167 3918 Ex.
1185 3867 1216 3916 33
1233 3867 1415 3930 profitebatur
1429 3870 1504 3919 Deus

184 3973 216 4010 se
231 3971 294 4010 cum
309 3958 402 4020 Moyse
418 3959 576 4008 conversuri
593 3956 716 4005 intimius
732 3967 814 4019 quam
829 3967 891 4004 cum
905 3955 1004 4004 ceteris
1014 3955 1162 4006 omnibus?
1177 3955 1278 4006 Nonne
1290 3957 1373 4005 Num.
1394 3957 1424 4006 lt
1440 3969 1502 4006 eum

187 4047 286 4098 ceteris
298 4046 427 4096 omnibus
442 4046 525 4108 longe
538 4043 715 4108 anteposuit?
726 4047 775 4106 At,
793 4045 857 4094 licet
867 4043 981 4104 Moysen
997 4042 1071 4094 Deus
1086 4057 1181 4094 carum
1195 4045 1322 4094 babuerit
1334 4057 1400 4107 prae
1415 4045 1503 4094 omnl-

186 4136 239 4185 bus
252 4135 385 4184 Israelitis
399 4139 458 4184 tum
469 4133 639 4194 viventibus,
652 4137 681 4182 at
691 4133 826 4184 cariorem
840 4131 935 4194 Moyse
951 4129 1071 4182 babebat
1083 4134 1242 4182 universum
1255 4132 1403 4192 lsraelem,
1417 4135 1502 4183 totam

187 4223 407 4288 patriarcharum
427 4223 544 4272 electam
563 4222 671 4285 prolem
691 4221 811 4271 salutem
832 4221 959 4270 daturam
976 4221 1089 4271 mundo.
1107 4220 1213 4271 Horum
1230 4221 1313 4270 saluti
1336 4222 1503 4272 inserviebat

181 4305 297 4374 'Moyses
309 4315 432 4370 tantum,
446 4317 507 4360 erat
530 4312 746 4360 instrumentum
770 4308 888 4360 electum
903 4323 909 4356 :
926 4310 973 4359 nbi
997 4309 1031 4359 ab
1047 4321 1141 4358 amore
1163 4309 1274 4358 Israelis
1286 4308 1387 4360 deleoIt
1401 4311 1501 4372 semel,

186 4412 307 4465 poenam
321 4399 384 4449 tulit
399 4411 451 4448 nec
470 4400 580 4449 veniam
603 4403 701 4448 nactus
722 4403 774 4448 cst.
791 4397 864 4448 Vere
881 4398 955 4460 apud
977 4399 1071 4462 Aquas
1091 4396 1326 4448 contradictionis
1347 4401 1504 4463 «apparuit

186 4491 276 4554 gloria
290 4489 342 4540 Dei
355 4503 379 4548 r,
393 4485 586 4538 manifestatae
601 4492 666 4537 sunt
675 4487 787 4536 divitiae
800 4485 1006 4536 misericordiae
1021 4487 1081 4535 eius
1093 4487 1121 4534 ln
1136 4485 1209 4536 silius
1223 4485 1370 4538 Abrabam.
1387 4487 1501 4538 Addita-

187 4583 309 4629 mentum
325 4577 451 4641 spurtum
464 4575 499 4626 ad
514 4589 540 4625 v,
558 4573 588 4626 13
602 4575 686 4626 babet
698 4577 771 4624 Sam.

229 4721 302 4784 Una
325 4722 375 4783 est
398 4715 433 4782 in
461 4719 553 4782 textu
582 4735 645 4780 vox
675 4713 812 4780 maximi
839 4713 1021 4795 momenti,
1043 4733 1148 4802 quam
1177 4720 1293 4780 nostra
1322 4714 1502 4804 explicatio

186 4823 341 4891 nondum
357 4820 471 4910 attigit
488 4843 495 4888 :
511 4819 675 4911 percussit
689 4824 813 4908 Moyses
827 4826 960 4909 petram
976 4818 1037 4886 bis.
1058 4823 1164 4897 Quam
1179 4843 1295 4888 vocem
1311 4821 1502 4890 addititiam

597 4948 774 4986 rrrxxtttusn.
791 4961 821 4970 —
839 4945 863 4983 ru
881 4947 1005 4984 nuusuos.
1023 4959 1052 4972 -
1071 4939 1096 4984 it
