3572 5396
687 407 772 450 aru.
798 391 887 460 talu
910 407 974 458 soc.
1133 389 1137 396 '
1440 397 1497 474 1ξῦ

168 539 321 605 Datiano
346 566 375 624 a,
398 555 442 587 -'-
466 539 503 604 in
527 539 613 606 atrio
637 532 789 629 (Bonfr.)
814 540 992 606 ueletiam
1020 533 1114 607 extra
1136 541 1240 624 illud,
1265 543 1323 610 ubi
1345 548 1395 610 toi
1418 545 1498 612 viris

168 645 346 712 strificeret
360 636 454 712 loeus
468 650 501 711 ei
516 659 569 711 res
584 668 603 712 a
618 647 747 735 populo
762 641 913 735 conspici
930 652 1044 735 posset
1055 686 1100 697 —
1121 677 1136 708 «
1154 641 1186 713 'et
1201 651 1317 714 Aaron
1333 649 1388 716 tte
1409 673 1497 716 crets-

171 753 246 818 te-'no
267 753 453 842 separatim
474 781 503 819 a.
523 775 554 818 y.
584 759 624 818 17
655 781 669 813 u
696 751 818 819 Tollite
843 753 977 842 sinqult'
1002 753 1176 820 thuribula
1195 769 1305 822 aestro
1330 768 1362 822 et
1380 757 1497 846 ponite

168 881 273 948 super
295 881 335 924 ea
357 857 549 938 iuceusum,
572 853 753 949 offerentes
776 859 922 925 Domino
942 859 1088 926 distentu
1112 861 1368 951 quinquaqinta
1388 862 1498 928 1111111-

169 965 275 1048 bula;
293 968 410 1030 Aaron
426 987 560 1053 quoque
575 975 687 1031 teneat
703 964 912 1031 thuribulum
928 989 1028 1032 11111111
1047 993 1076 1034 a.

209 1201 273 1249 Non
286 1199 473 1263 desperabant
493 1200 533 1249 illi
550 1201 617 1260 viri,
634 1201 786 1250 secuudum
811 1203 858 1250 aut
882 1204 956 1251 cerie
975 1213 1032 1251 non
1051 1203 1134 1264 plane
1153 1203 1301 1252 adversum
1319 1203 1353 1252 'se
1373 1217 1389 1252 a
1411 1203 1496 1253 Ialrvc

168 1290 338 1338 obtenturos
352 1299 413 1338 esse
431 1288 574 1338 arbitrium
583 1302 589 1348 ;
605 1301 665 1338 non
676 1279 780 1338 novum
802 1289 916 1351 aliquod
931 1279 1014 1353 atquo
1029 1291 1152 1340 terribile
1166 1290 1298 1341 videntur
1312 1294 1419 1356 opperti
1435 1305 1497 1343 esse

169 1379 348 1441 portentum
364 1391 444 1427 secus
468 1390 531 1427 cum
554 1378 613 1426 suis
626 1378 775 1427 thuribulis
790 1391 968 1445 nequaquam
984 1377 1153 1444 adfuissent,
1168 1385 1216 1431 aut
1238 1386 1312 1430 certe
1330 1385 1394 1444 post
1409 1383 1497 1431 amica

169 1480 199 1514 v.
217 1467 232 1515 8
249 1479 309 1530 sqq.
327 1464 414 1516 rerba
430 1479 489 1516 rem
510 1479 572 1516 cum
590 1466 685 1528 Moyse
708 1468 939 1530 composuissent.
957 1468 1025 1531 Cap.
1050 1467 1080 1518 ll
1100 1474 1162 1518 acta
1185 1468 1275 1520 iuerat
1299 1482 1383 1520 causa
1403 1470 1497 1534 populi

169 1559 273 1605 contra
296 1555 415 1616 lalrven,
435 1557 483 1618 qui
497 1556 652 1605 noluissent
671 1556 733 1620 ipso
758 1555 870 1606 lubente
892 1557 1116 1607 (ibanaanitiden
1138 1557 1242 1608 adoriri
1268 1558 1444 1622 reditumque
1468 1559 1497 1606 in

170 1646 332 1706 Aegyptum
346 1645 383 1705 tv.
398 1641 420 1710 1)
437 1645 662 1706 proposuissent;
680 1649 708 1693 nt
728 1642 800 1694 Gore
819 1645 935 1708 eiusque
955 1646 1038 1695 sociis
1059 1659 1144 1696 causa
1158 1652 1232 1707 crat,
1247 1651 1277 1695 ut
1296 1647 1350 1710 ipsi
1366 1653 1497 1710 praeten-

168 1731 290 1792 debant,
305 1745 364 1782 non
377 1737 475 1784 contra
488 1731 594 1782 labren
609 1733 659 1784 sed
681 1737 778 1782 contra
796 1733 911 1795 Moysen
931 1738 958 1784 et
980 1735 1084 1784 Aaron.
1103 1735 1207 1784 lahven
1227 1747 1309 1784 suma
1324 1735 1364 1783 llli
1381 1733 1498 1798 profite-

139 1831 142 1838 ’
169 1822 274 1871 bantur
289 1833 350 1872 esse
364 1821 466 1882 Derim,
484 1823 513 1870 in
525 1823 586 1870 eius
598 1823 674 1872 cultu
689 1835 755 1872 suas
769 1823 822 1872 sibi
837 1826 931 1886 partes
945 1823 1148 1874 vlndlcabant:
1165 1823 1214 1874 sed
1232 1823 1306 1874 allos
1318 1825 1498 1887 requirebant

169 1909 347 1970 sacerdotes,
365 1909 462 1960 ducem
477 1910 572 1960 allum.
591 1911 663 1960 Ante
688 1911 803 1974 Moysen
827 1910 937 1961 fuerant
961 1912 1122 1962 sacerdotes
1139 1914 1166 1962 et
1186 1913 1271 1962 daces
1283 1913 1318 1962 ab
1338 1913 1498 1963 bominibus

169 1999 292 2048 instituti
310 2013 316 2048 :
333 1999 457 2048 nondum
469 2000 552 2062 plane
567 2005 768 2063 perspexerant
790 1998 861 2050 Core
886 2007 913 2052 et
932 2002 1001 2050 socii
1022 2002 1141 2052 hosium
1160 2001 1346 2052 instituendos
1365 2001 1425 2052 iore
1437 2000 1498 2050 sola

170 2090 338 2158 auctoritate
363 2088 465 2137 (lirina.
484 2087 619 2138 Fidebant
643 2090 713 2148 iuri,
731 2089 806 2151 quod
828 2093 892 2140 ente
915 2089 1030 2152 Moysen
1051 2091 1192 2152 ulguerat,
1210 2090 1341 2154 quodque
1365 2103 1415 2154 pro
1441 2088 1498 2140 Hc-

171 2177 265 2226 braeis
278 2178 307 2226 in
320 2177 447 2240 pluribus
464 2191 526 2227 csse
546 2177 725 2240 abrogatum,
743 2191 799 2227 non
824 2179 893 2228 satis
913 2179 965 2242 ipsi
989 2179 1218 2241 perspiciebant:
1236 2191 1284 2228 cur
1304 2191 1361 2229 non
1381 2165 1498 2228 Rubeno

171 2265 361 2329 primogenito
374 2265 572 2316 concederetur
587 2266 775 2330 principatus?
790 2278 839 2316 cur
857 2267 1068 2330 postponendus
1084 2268 1161 2318 isaar
1178 2272 1310 2317 Amramo
1325 2271 1373 2316 aut
1389 2267 1498 2317 Gerson

173 2355 300 2408 Gnatho?
316 2354 458 2405 Fiduciam
472 2355 592 2405 addebat
604 2369 729 2405 nanterus
751 2357 778 2404 et
802 2356 922 2418 diqnitus
939 2360 1065 2405 actorum
1080 2368 1086 2404 :
1103 2369 1161 2406 non
1180 2360 1240 2406 erat
1254 2367 1323 2404 sane
1343 2357 1497 2406 reiecturus

173 2445 259 2494 lalrre
276 2447 316 2494 tot
330 2446 407 2493 viros
422 2444 577 2508 principes,
594 2457 685 2508 neque
697 2445 817 2508 populus
836 2445 877 2494 tot
891 2457 958 2494 suos
978 2446 1118 2511 principes
1133 2443 1294 2496 deserturus
1309 2445 1377 2494 erat.
1394 2443 1497 2494 Tume-

171 2533 239 2584 bant
254 2534 341 2582 animi
354 2534 532 2596 praeiudiciis
547 2535 575 2582 in
591 2533 706 2596 Moysen
721 2533 844 2596 undique
860 2535 964 2584 coactis
977 2547 981 2581 :
995 2546 1092 2584 senem
1107 2534 1296 2596 querebantur
1311 2544 1493 2594 exsanguem,

172 2623 359 2686 pertinacem,
379 2622 463 2672 rebus
478 2622 706 2672 administrandis
722 2624 869 2686 imparem,
887 2622 1002 2672 fratrum
1023 2623 1266 2686 interemptorem,
1283 2620 1499 2671 intortuniorum

171 2722 285 2761 suorum
300 2711 427 2760 oninium
441 2723 527 2760 111111111
547 2715 698 2762 auctorem.
715 2710 800 2760 Plura
823 2709 942 2762 tortasse
964 2711 1043 2760 illunr
1068 2711 1176 2775 pridem
1195 2712 1357 2775 praestigiis
1372 2709 1497 2760 effecisse

172 2799 397 2862 suspicabantur,
415 2799 572 2850 cuiusmodi
587 2813 603 2850 a
618 2801 707 2862 magis
722 2800 861 2863 aegyptiis
876 2799 949 2851 effici
969 2806 1183 2864 conspexerant.
1199 2800 1249 2849 His
1267 2801 1386 2862 aliisque
1402 2800 1498 2850 obcac·

172 2875 226 2956 cati
237 2887 272 2937 ad
289 2886 413 2937 divinum
428 2887 575 2938 arbitrium
589 2888 727 2950 prodiere.

216 3111 248 3154 v.
274 3094 314 3154 18
340 3115 355 3148 a
385 3087 483 3169 Qttotl
508 3112 584 3154 cam
603 3089 783 3178 fecissent,
809 3089 978 3154 stantibus
998 3092 1113 3178 Mopse
1138 3101 1169 3155 et
1193 3093 1310 3154 Aaron
1339 3116 1374 3169 a,
1396 3113 1436 3154 r.·
1458 3097 1498 3155 19

176 3225 191 3255 α
208 3206 241 3260 et
270 3209 522 3261 coacervassent
542 3194 720 3262 adeersum
739 3218 793 3261 eos
817 3218 950 3261 ornnem
975 3194 1233 3260 rrtrtltitrtdiuerrt
1251 3194 1299 3259 rui
1311 3195 1432 3261 ostium
1447 3209 1499 3262 ta-

174 3301 374 3383 barunculi,
400 3301 566 3391 apparuit
589 3302 720 3368 erructt's
745 3301 860 3389 qlort’u
881 3301 1021 3366 Itorairu'
1044 3327 1072 3366 a.
1094 3306 1174 3367 Toto
1194 3301 1264 3366 iam
1279 3301 1349 3366 iere
1369 3301 1499 3389 populo

174 3407 217 3473 ad
241 3412 324 3474 Core
351 3415 467 3497 paries
491 3408 672 3475 deficiente
699 3412 831 3495 Moysen
858 3413 1054 3497 protectura
1073 3407 1183 3472 nubes
1205 3413 1348 3496 apparet
1374 3407 1497 3496 (Gai),

175 3516 363 3604 praesentis
387 3515 509 3581 iudicis
529 3515 676 3601 insigne.
703 3515 769 3581 Sed
787 3512 887 3600 Vulg.
908 3520 1039 3580 textum
1066 3512 1273 3602 compendio
1303 3514 1407 3580 refert
1426 3535 1433 3581 ε
1456 3517 1499 3580 Et

174 3633 391 3711 arrepseruut
418 3621 564 3711 quisquc
593 3619 804 3687 tluua'balum
825 3643 924 3687 suam
950 3620 1234 3710 etimposuerunt
1259 3619 1440 3708 ediquem
1469 3634 1499 3686 et

172 3750 276 3817 super
295 3750 373 3794 rum
390 3740 578 3817 postteruut
603 3727 794 3808 iucensam,
820 3739 851 3793 et
872 3738 1035 3793 steterunt
1062 3725 1110 3792 ad
1131 3725 1255 3793 ostiarus
1287 3725 1501 3794 tabernaculi

175 3833 507 3914 restipulationem
534 3836 665 3921 Moyses
685 3848 716 3898 et
745 3839 862 3900 Aaron
870 3855 882 3916 ;
903 3846 936 3899 et
959 3832 1071 3920 coepit
1093 3844 1213 3899 eoratru
1242 3856 1296 3898 eos
1323 3835 1405 3900 Cure
1424 3833 1501 3897 terti·

176 3962 307 4006 uersum
333 3953 534 4007 caru-eatam
559 3941 606 4006 ud
620 3941 742 4006 ostium
764 3938 979 4007 tabernaculi
992 3939 1182 4005 testimonii
1202 3953 1263 4005 ete.
1282 3946 1374 4006 121)
1403 3967 1417 3999 u
1438 3943 1500 4004 Lo-

175 4061 341 4136 cutasque
361 4047 525 4113 Dorrriaus
543 4046 591 4113 act
612 4049 756 4136 Mopseu
777 4061 810 4112 et
836 4051 951 4113 Aaron
977 4048 1027 4112 ait
1055 4073 1071 4108 »
1098 4067 1105 4113 :
1130 4069 1162 4112 v.
1186 4052 1225 4112 al
1248 4075 1262 4106 «
1278 4045 1501 4134 Superumr'ni

175 4153 218 4219 tle
240 4153 352 4220 medio
384 4153 661 4243 conpreqatt'om‘s
685 4154 806 4233 decius,
835 4165 871 4218 ut
891 4175 945 4219 eos
970 4165 1109 4240 repente
1133 4151 1328 4241 disperdam
1358 4179 1387 4215 a.
1413 4155 1500 4217 llaec

175 4261 412 4344 comminatio,
431 4261 480 4327 uti
502 4261 610 4328 altera
631 4265 687 4328 Ex.
715 4267 793 4342 dai
814 4281 904 4348 sqq,
923 4266 1058 4347 Moysen
1079 4258 1124 4324 ed
1138 4255 1422 4323 intercedendum
1437 4279 1500 4346 pro

176 4367 305 4457 populo
320 4367 497 4450 solliciiai3
518 4389 588 4433 nou
612 4373 746 4456 poterat
768 4367 872 4434 salvis
891 4361 1173 4455 promissionibus
1197 4369 1283 4429 lleus
1307 4367 1418 4429 totum
1437 4385 1499 4452 po-

175 4474 298 4562 pulum
315 4475 441 4540 delere.
470 4497 500 4541 v.
528 4480 570 4539 22
597 4500 611 4534 a
642 4473 710 4554 Qasr?
726 4473 917 4539 residuunt
937 4471 1044 4561 proni
1073 4470 1111 4536 ia
1139 4469 1269 4557 faciem
1288 4483 1390 4559 atque
1406 4469 1500 4534 dricc-

176 4592 259 4646 raut
290 4601 302 4644 .·
325 4581 517 4647 Fortissirue
540 4583 629 4646 Deras
655 4579 842 4669 spirituum
871 4578 1050 4644 errtiuerrue
1077 4576 1192 4642 cumis
1220 4603 1253 4658 a,
1279 4615 1322 4626 -
1338 4575 1499 4642 mendose

177 4687 268 4754 LXX
282 4687 337 4752 hio
355 4693 387 4754 ei
407 4693 509 4766 ibid
529 4686 713 4776 spirituum
730 4698 761 4752 rt
777 4697 839 4752 ete.
860 4684 969 4771 Igitur
988 4683 1033 4750 El
1051 4682 1177 4750 dicitur
1195 4682 1380 4772 spirituum
1395 4685 1496 4763 Deris,

176 4794 258 4882 quia
269 4815 407 4860 omnem
418 4792 569 4860 animam
581 4793 781 4872 humanam,
796 4813 883 4880 (quae
896 4812 1032 4859 carnem
1045 4790 1184 4872 animat,
1199 4789 1351 4856 condidit
1363 4787 1497 4878 (ntea).
