3492 5392
666 389 739 432 uun.
764 375 836 444 ‘lbi
858 391 922 442 soc.
1248 447 1250 454 Ι
1400 379 1452 438 eli

136 541 260 592 unquam
275 527 474 591 superstitione
489 524 592 576 iniecta
608 524 707 576 inisset
721 528 805 590 stirps
818 529 921 589 electa,
938 533 1014 578 certe
1032 528 1109 579 Deus
1123 540 1179 579 non
1195 531 1327 593 elegisset
1342 543 1458 595 serpen-

138 621 173 668 iis
188 617 305 668 formam
320 615 355 666 ad
370 616 490 666 salutem
503 615 612 666 miseris
627 615 810 678 largiendam.

181 779 228 840 Eo
242 795 350 862 usque
366 776 474 840 castra
488 773 683 838 habuerant
698 771 842 839 Hebraei
856 772 901 840 ad
916 773 1049 852 radices
1062 775 1187 840 montis
1201 779 1279 842 lior.
1299 776 1379 843 inde
1397 778 1461 844 ali-

139 903 207 970 qua
221 878 340 970 populi
357 900 437 970 pars
453 879 673 945 chananaeos
696 901 728 944 v.
752 885 771 944 3
787 879 909 945 adorta
923 885 989 960 est;
1009 902 1122 969 neque
1143 880 1234 946 enirn
1253 890 1338 970 puto
1351 889 1462 951 tetum

139 987 307 1076 populum
327 985 532 1075 processisse
552 984 597 1050 ad
623 985 854 1052 ulciscendam
875 985 1007 1052 cladem
1033 987 1240 1075 quibusdam
1262 989 1387 1076 (lidi)
1413 990 1465 1056 in-

140 1095 278 1160 llictam.
306 1092 473 1160 incedunt
491 1091 559 1158 iam
583 1087 799 1158 Hebraei'er'a
824 1091 931 1158 Moris
946 1091 1060 1182 Suplr,
1073 1115 1199 1184 uversus
1221 1094 1320 1160 illud.
1339 1096 1463 1162 Eadem

141 1200 312 1289 expressio
336 1203 439 1289 atque
464 1203 576 1280 turs.
603 1198 651 1263 Cf.
674 1220 762 1287 quae
782 1197 935 1265 dicemus
965 1198 1009 1263 ad
1038 1206 1150 1282 33,37.
1173 1222 1204 1266 ν.
1232 1206 1250 1266 i
1274 1230 1290 1263 u
1314 1204 1469 1291 Profecti

138 1319 217 1374 suut
232 1318 347 1372 autem
360 1305 414 1392 [et]
431 1303 472 1370 de
485 1316 599 1370 licente
614 1306 685 1369 Her
701 1327 764 1394 per
779 1304 889 1384 oium,
905 1295 992 1394 q'uee
1008 1305 1103 1371 clusit
1120 1304 1168 1371 ud
1186 1309 1280 1372 licre
1294 1311 1461 1392 litterum,

143 1424 181 1478 ut
202 1411 423 1478 circumirent
445 1421 572 1476 terrem
593 1408 705 1476 Edem
723 1437 752 1475 n.
775 1410 816 1488 li,
838 1411 897 1500 qui
918 1411 1154 1478 Hebraeorum
1169 1411 1385 1480 itinerarium
1408 1415 1469 1482 de-

143 1518 291 1584 scribere
315 1517 430 1584 conati
455 1523 535 1583 sunt
560 1516 605 1606 (v.
623 1539 656 1602 g.
680 1520 718 1583 lt.
736 1541 767 1582 υ.
794 1517 888 1583 Riess
911 1539 923 1582 .·
947 1517 1172 1613 [libel-Atlas,
1197 1520 1366 1608 Freiburg
1380 1522 1403 1588 i.
1431 1526 1466 1588 B.

146 1627 266 1714 1895),
291 1624 369 1690 illos
394 1623 467 1690 fere
492 1647 510 1690 e
540 1623 644 1690 Gades
666 1623 720 1688 vel
745 1623 920 1712 Sephaath
944 1624 1121 1692 deducunt
1145 1625 1313 1693 orientem
1337 1649 1468 1712 versus,

144 1731 336 1821 usquedum
351 1730 444 1819 apud
458 1729 523 1797 liin
536 1730 568 1796 el
581 1729 685 1796 Webe
703 1729 914 1796 descendant
926 1730 963 1796 in
984 1730 1096 1818 Wady
1109 1730 1316 1814 el-rtrabah,
1336 1733 1472 1823 depres-

145 1838 275 1905 sionem
292 1837 406 1918 illam,
429 1858 518 1926 quae
531 1859 551 1902 a
565 1835 645 1902 llari
657 1841 784 1903 Mortuo
796 1835 1017 1925 protenditur
1029 1835 1072 1902 ad
1090 1836 1211 1904 Sinum
1226 1839 1467 1922 Aelaniticum,

146 1949 248 2033 atque
266 1943 347 2010 inde
363 1964 420 2008 eos
438 1942 483 2008 ad
507 1941 580 2008 eius
599 1943 692 2008 sinus
711 1949 814 2030 caput
828 1942 1017 2032 dimittunt.
1039 1947 1181 2025 Verum,
1205 1966 1281 2010 curn
1299 1947 1472 2014 Edomite-

147 2072 224 2116 rum
240 2055 312 2116 tum
331 2049 418 2124 fines
442 2053 543 2130 uuis
560 2069 668 2135 usque
687 2069 795 2136 prope
816 2041 995 2114 Cadesam'
1004 2049 1227 2137 pertigerint‚
1246 2054 1280 2117 et
1297 2051 1472 2119 Edomitae

148 2157 264 2247 utique
279 2160 374 2223 Deut.
393 2161 449 2238 Μ
469 2159 619 2219 montem
637 2155 713 2220 Scir
728 2152 958 2234 obtinuerint,
975 2153 1064 2219 illud
1081 2153 1298 2222 itinerarium
1315 2157 1473 2224 deduxis-

146 2269 196 2330 set
216 2262 384 2328 llebraees
403 2283 466 2349 per
480 2259 613 2326 medios
626 2259 862 2326 Edomitarum
885 2260 987 2344 fines,
1009 2261 1106 2348 quod
1127 2267 1353 2342 essetcontra
1371 2269 1471 2332 Num.

148 2375 260 2446 sudu.
283 2365 495 2434 Crediderim
509 2366 630 2452 igitur,
649 2366 820 2433 Hebraeos
840 2365 968 2432 Cadesa
988 2371 1081 2435 reete
1097 2367 1233 2456 petiisse
1249 2376 1351 2458 caput
1374 2371 1474 2437 Sinus

147 2475 340 2550 Aelanitici,
359 2474 413 2541 cui
429 2473 605 2539 itinerario
618 2477 782 2539 consonat
794 2478 889 2539 Deut.
908 2479 1012 2552 s,15:
1033 2499 1049 2534 u
1062 2467 1184 2540 ductor
1196 2479 1275 2542 tuus
1286 2475 1320 2540 in
1338 2476 1471 2544 deserto

148 2603 274 2669 magno
299 2586 333 2648 et
354 2579 515 2660 terribili,
547 2578 609 2646 ubi
634 2584 807 2668 serpentes
833 2579 995 2645 venenosi
1018 2584 1052 2646 et
1073 2575 1285 2668 scorpiones,
1316 2589 1349 2648 et
1376 2584 1472 2670 regio

149 2688 247 2756 arida
260 2690 333 2754 sine
352 2708 442 2775 aqua
461 2713 491 2752 ».
511 2713 526 2747 u
546 2687 592 2751 Et
604 2684 740 2751 taedere
753 2684 864 2776 coepit
871 2683 1042 2775 populum
1062 2684 1194 2753 itineris
1211 2687 1262 2776 [ec
1278 2687 1415 2776 laboris]
1439 2720 1468 2757 ».

150 2794 251 2862 chr.
269 2792 462 2862 abbreviata
483 2803 532 2858 est
551 2791 671 2858 anima
693 2813 826 2876 eorum,
849 2791 1069 2881 impatientia
1089 2792 1233 2882 abrepta
1251 2801 1324 2864 est:
1350 2797 1391 2862 cl.
1410 2803 1466 2864 Ex.

150 2909 218 2984 ep.
233 2925 265 2968 r.
286 2908 305 2968 5
331 2929 345 2960 «
365 2903 579 2988 Luctatusque
599 2910 718 2965 contre
732 2902 840 2965 Deum
856 2912 888 2964 et
904 2901 1045 2989 lloysen
1059 2899 1110 2966 uit
1123 2921 1136 2964 .·
1154 2902 1222 2967 Cirr
1236 2899 1390 2968 eduxisti
1409 2925 1470 2969 rios

150 3009 191 3075 de
202 3013 371 3097 Aepypto,
387 3018 426 3072 ut
438 3026 646 3072 inurerentur
657 3004 694 3071 in
703 3003 914 3072 solitudine?
924 3007 1022 3071 Deest
1026 3005 1134 3095 prauis
1138 3059 1148 3091 ,
1161 3028 1231 3072 nen
1240 3020 1323 3073 suut
1335 3031 1448 3098 aquae
1457 3031 1470 3074 .·

149 3115 267 3181 anime
282 3126 399 3193 uestra
411 3114 482 3178 iem
496 3122 641 3178 nscrrseut
655 3133 757 3200 super·
772 3111 844 3176 cibe
867 3111 930 3176 isto
948 3109 1115 3177 leuissimo
1133 3140 1170 3192 »,
1187 3133 1324 3181 manna.

186 3305 290 3355 Textrrs
304 3315 402 3354 omnes
414 3301 519 3351 habent
532 3280 630 3356 nubet
645 3311 651 3354 :
668 3301 759 3364 potuit
773 3312 806 3350 ea
820 3312 875 3348 vox
888 3300 1083 3362 antiquissimo
1098 3305 1238 3364 tempore,
1253 3315 1347 3355 errore
1361 3306 1469 3356 scribae

152 3395 268 3444 alicuius
283 3392 441 3442 subintrare
456 3391 484 3439 in
499 3389 592 3440 locum
607 3394 685 3443 aiut.
704 3389 808 3438 Tamen
822 3389 882 3438 eius
897 3389 926 3438 ir.
943 3390 961 3437 1.
979 3387 1121 3438 adhibitae
1134 3390 1285 3452 probabilis
1299 3394 1382 3443 etiam
1397 3397 1469 3446 ratio

151 3482 289 3546 assignari
301 3485 401 3544 potest.
417 3479 458 3528 Ex
472 3477 540 3529 Lev.
556 3477 636 3539 24,Ιό
654 3491 696 3540 sq.
713 3477 840 3527 sciebant
856 3477 976 3526 Hebraei
996 3477 1081 3540 longe
1101 3479 1215 3540 gravius
1229 3481 1321 3542 puniri
1336 3482 1468 3548 blasphe-

152 3573 235 3621 miam
248 3569 386 3632 prolatam
398 3569 495 3617 contra
508 3579 606 3617 verum
628 3566 718 3616 Deum
738 3568 850 3615 nomine
866 3565 965 3624 labve,
982 3577 1066 3629 quam
1081 3567 1137 3616 allo
1156 3569 1269 3619 nomine
1286 3571 1468 3634 appellatum.

152 3661 189 3709 ili
212 3661 297 3722 igitur
321 3659 553 3714 murmuratores,
571 3655 711 3718 prioribus
734 3655 825 3718 plagis
851 3654 956 3712 edocti,
980 3655 1112 3717 religiose
1135 3655 1295 3708 abstinuere
1317 3673 1334 3709 a
1357 3663 1471 3713 nomine

154 3749 238 3799 lairve
252 3744 467 3810 pronuntiando.
485 3744 658 3795 Crediderim
674 3745 760 3793 totam
775 3744 848 3792 hanc
867 3744 1115 3794 murmurationem
1130 3743 1216 3796 luisse
1231 3745 1322 3798 levius
1337 3751 1403 3813 quid
1418 3754 1467 3812 iis,

153 3837 254 3902 qulbus
273 3835 394 3886 Hebraei
413 3833 520 3896 pridem
544 3832 726 3882 indulserant.
745 3831 808 3881 Non
828 3830 958 3882 scribitur
979 3845 1112 3882 numerus
1132 3847 1229 3884 eorum
1243 3833 1287 3898 (ei.
1305 3837 1404 3902 luis),
1422 3843 1469 3904 qul

153 3925 291 3975 morsibus
305 3928 467 3987 serpentum
482 3923 623 3972 interiere.
643 3921 794 3984 Serpentes
808 3933 865 3970 non
883 3919 1013 3970 videntur
1027 3925 1188 3972 constanter
1201 3929 1292 3972 castra
1306 3923 1468 3989 infestasse,

153 4027 235 4066 secus
249 4015 323 4064 enim
337 4025 394 4064 nou
412 4010 510 4061 luisset
530 4015 641 4073 tempus
660 4011 783 4072 serpenti
803 4021 892 4059 aeneo
911 4009 1053 4070 eudendo;
1069 4009 1118 4060 sed
1138 4009 1257 4062 tortasse
1275 4025 1392 4075 vespere
1407 4018 1471 4066 tan-

154 4105 213 4154 tum
228 4106 256 4152 et
270 4103 363 4152 noctu.
379 4099 454 4151 Haec
473 4111 584 4148 rursum
603 4098 721 4148 iortasse
738 4100 809 4148 ratio
829 4097 946 4147 adhibiti
961 4099 1048 4158 aeris,
1065 4098 1140 4162 qued
1160 4100 1278 4163 politum
1293 4100 1366 4152 lueet
1386 4105 1470 4155 etiarn

155 4195 252 4252 noctu,
269 4191 335 4241 dum
349 4191 418 4240 luna
432 4191 459 4238 et
471 4188 569 4238 stellae
584 4200 665 4236 suum
680 4186 774 4237 lumen
790 4185 946 4236 aliundunt.

201 4378 233 4422 v.
253 4363 272 4422 o
292 4382 307 4416 «
327 4355 552 4436 Qrtamobrem
569 4351 661 4418 misit
679 4351 845 4417 Dentinus
865 4351 900 4416 iu
913 4349 1085 4440 populum
1102 4350 1230 4440 iquitos
1248 4370 1417 4445 serpentes
1436 4391 1470 4442 »,

157 4461 180 4530 i.
203 4484 232 4527 e.
256 4481 403 4550 quorum
420 4481 550 4526 morsus
568 4457 878 4524 inflammationem
900 4459 1071 4536 causaret3
1095 4456 1237 4546 plurimi
1254 4459 1287 4526 in
1309 4463 1472 4534 Sinaitide

159 4574 237 4634 sunt
267 4567 361 4634 ursei
388 4571 421 4632 et
447 4565 597 4655 aspides,
625 4567 799 4654 serpentes
824 4562 970 4630 maxime
998 4562 1176 4630 venenosi.
1204 4592 1219 4626 «
1243 4568 1300 4633 Act
1328 4593 1473 4659 quorum

155 4675 280 4766 piaque
295 4686 327 4740 et
341 4686 464 4740 mortes
472 4671 707 4762 plurimorum
721 4697 734 4728 n
751 4669 877 4750 (iudith
889 4669 1001 4759 825),
1015 4692 1047 4735 v.
1066 4677 1086 4734 'i
1105 4697 1120 4730 «
1137 4675 1364 4740 veneruntad
1381 4681 1476 4768 Mors-

158 4804 215 4849 sen
234 4794 337 4871 utque
358 4778 521 4846 dixerunt
533 4799 545 4843 .·
561 4779 795 4862 Peccavimus,
815 4775 898 4866 quia
910 4775 1017 4842 locuti
1027 4797 1144 4843 semme
1158 4793 1277 4847 eorrtra
1291 4783 1476 4853 Doniirturrr

571 4903 746 4942 buleutam.
762 4915 793 4927 -·
808 4903 835 4941 lit
851 4903 975 4940 NUsstlOE.
994 4915 1023 4928 ··
1041 4895 1069 4940 Ῑῦ
