3522 5396
724 417 800 462 nuu.
824 401 927 474 sata.
1430 401 1489 461 359

137 550 295 618 -dentali
317 549 406 617 clivo
425 549 595 617 montium
614 554 763 619 Mauran.
787 552 836 619 cl.
860 554 897 618 CI
920 575 955 642 p.
979 558 1054 618 170.
1077 550 1162 618 Urbs
1177 550 1319 616 fortasse
1336 549 1401 618 fuit
1415 571 1489 618 mu-

163 657 251 740 nita,
278 656 372 747 quod
395 655 468 744 ejus
492 655 597 724 viculi
620 665 934 725 commemoremur
953 657 1010 747 (ol.
1032 657 1161 744 ate-2).
1186 659 1357 737 Ceterum,
1375 656 1403 724 si
1418 660 1487 724 1111]

164 764 268 852 longe
290 765 456 830 orientem
477 784 594 829 versus
618 763 799 832 secedebat
818 769 890 831 tum
909 763 1014 846 Nobe,
1037 763 1110 831 veri
1129 761 1240 830 simile
1257 767 1307 830 est
1326 784 1404 830 eum
1418 784 1489 830 non

164 892 205 938 ea
222 871 260 937 id
281 874 396 938 mente
418 868 544 956 egisse,
571 875 609 936 ut
628 891 704 937 mor
723 869 768 938 ad
788 876 899 938 castra
918 869 1150 938 Hebraeorum
1169 873 1408 938 reverteretur.
1427 874 1489 936 Ma-

165 977 295 1044 nassaei
319 975 509 1043 universim
532 974 675 1067 quidem
699 975 842 1066 reliquis
860 976 1020 1044 Hebraeis
1040 977 1219 1044 Iordanem
1240 975 1490 1043 traiicientibus

162 1082 271 1150 iuncti
294 1090 371 1150 sunt
396 1087 498 1173 atque
522 1082 658 1150 fortiter
684 1104 787 1170 egere
809 1083 885 1172 (Ios.
909 1089 989 1166 123
1012 1084 1104 1174 sqq.)
1133 1104 1141 1151 :
1169 1089 1204 1149 al
1229 1083 1306 1172 quis
1330 1084 1486 1163 miretur,

164 1189 298 1280 aliquos
325 1188 474 1279 primam
499 1189 713 1257 occasionem
739 1189 944 1280 arripuisse,
974 1195 1012 1257 ut
1040 1190 1142 1277 longe
1165 1212 1186 1256 a
1206 1193 1314 1277 Moyse
1336 1194 1370 1256 et
1392 1194 1489 1256 Iosue

164 1318 299 1366 securas
325 1295 393 1364 sibi
413 1295 510 1363 sedes
537 1299 796 1386 compararent?
818 1295 924 1364 Iidem
949 1299 1025 1385 (los.
1050 1297 1163 1386 lata)
1184 1296 1314 1364 incolas
1338 1295 1489 1384 regionis

165 1425 236 1470 non
255 1403 494 1492 exstirpavere,
514 1403 575 1470 sed
595 1424 674 1470 cnm
695 1402 764 1470 illis
782 1403 892 1471 amice
912 1425 1026 1491 egere,
1049 1402 1221 1498 connubia
1240 1401 1349 1470 iniere
1366 1408 1399 1468 et
1415 1401 1488 1470 sine

165 1509 271 1577 dubio
285 1531 405 1578 eorum
420 1508 501 1577 item
522 1509 823 1599 superstitionibus
841 1509 1103 1600 participavere.

203 1726 307 1778 Censet
320 1727 423 1786 Dittm„
438 1741 465 1776 r.
481 1727 514 1778 39
525 1740 587 1791 sqq.
604 1740 668 1780 esse
681 1727 824 1778 addititios
836 1733 864 1780 et
878 1741 913 1780 ea
924 1740 1053 1788 narrare,
1071 1740 1143 1791 quae
1154 1726 1203 1778 dlu
1216 1731 1280 1792 post
1292 1727 1407 1790 Moysen
1418 1727 1490 1778 acci·

167 1815 260 1866 derint
274 1815 325 1866 sub
340 1815 432 1866 Iudice
447 1815 503 1866 Iair
515 1815 575 1867 Iud.
597 1816 656 1877 loa
674 1830 716 1880 sq.
731 1815 807 1866 Nota
820 1819 957 1868 unitatem
975 1818 1142 1868 narrationis
1160 1830 1188 1866 v.
1205 1815 1289 1868 33-11
1307 1829 1314 1865 :
1329 1829 1357 1865 v.
1374 1815 1407 1866 33
1422 1828 1491 1866 nar-

169 1906 254 1965 ratur,
270 1904 337 1968 quid
348 1905 450 1954 dederit
463 1904 574 1968 Moyses
589 1904 699 1958 Gadltls
709 1910 739 1956 et
754 1904 915 1966 Rubenius,
927 1919 956 1954 v.
974 1904 1058 1954 31-38
1072 1904 1140 1968 quld
1155 1906 1264 1968 egerint
1279 1905 1307 1954 111
1313 1918 1321 1964 ;
1340 1917 1367 1954 v.
1381 1903 1491 1956 ttiner-

167 1998 252 2054 turra,
276 1993 342 2056 quid
363 1993 464 2044 dederit
484 1993 596 2055 Moyses
615 1993 801 2054 Manassaels,
823 2007 849 2045 r.
871 1993 948 2043 eall
972 2007 1014 2058 sq.
1036 1993 1103 2057 quid
1122 1995 1232 2056 egerint
1250 1994 1294 2052 hl;
1317 1993 1358 2042 illi
1377 1994 1491 2044 nomina

166 2082 276 2131 urbium
296 2083 404 2132 innatant
425 2095 452 2132 v.
472 2081 519 2142 38,
532 2083 606 2132 siout
618 2083 647 2133 hl
662 2095 689 2132 v.
708 2082 737 2132 11
765 2095 807 2146 sq.
825 2081 865 2134 Ila
886 2083 980 2134 unitas
1001 2083 1094 2146 potius
1117 2082 1244 2145 suggerit
1258 2095 1284 2132 v.
1299 2081 1332 2131 39
1354 2095 1416 2145 sqq.
1434 2090 1490 2131 non

166 2183 228 2221 esse
242 2169 393 2220 addititios.
411 2170 451 2220 Ad
468 2169 527 2221 Iud.
546 2171 606 2232 las
620 2184 662 2235 tq.
680 2171 744 2222 vide
758 2169 793 2222 CI
812 2185 840 2235 p.
854 2171 903 2222 201
926 2184 968 2235 sq.
986 2170 1117 2221 Fuerltne
1141 2170 1189 2222 illa
1205 2168 1289 2220 iudex
1305 2169 1361 2220 Iair
1375 2171 1418 2220 vir
1432 2172 1489 2220 tam

165 2258 329 2320 bellicosus,
345 2259 476 2322 equidem
486 2259 608 2324 ambigo.
625 2259 744 2312 Videtur
758 2261 862 2324 quippe
882 2261 911 2310 ln
927 2259 975 2310 llla
992 2260 1153 2310 narratione
1172 2259 1263 2310 latere
1278 2259 1369 2310 ironia
1383 2258 1486 2322 aliqua.

167 2347 233 2397 Post
248 2351 375 2410 temporo
393 2349 582 2411 agitatisslrna
602 2347 744 2400 (ledeonls
769 2354 797 2400 et
822 2348 1000 2408 abimelech,
1017 2351 1045 2399 et
1063 2347 1132 2398 ante
1154 2353 1282 2412 tempora
1304 2347 1402 2410 Iephte
1412 2346 1490 2397 luere

167 2435 271 2486 ludices
290 2435 345 2486 duo
365 2435 488 2500 pacifici,
505 2437 606 2499 quietl,
623 2439 663 2488 cis
681 2423 830 2488 Iordanem
852 2435 955 2498 Thola,
970 2437 1019 2501 qul
1037 2437 1164 2500 sepultus
1183 2441 1226 2487 est
1245 2437 1274 2486 in
1291 2436 1353 2486 loco
1372 2448 1423 2486 suo
1442 2434 1491 2486 ubi

166 2525 282 2584 aluerat,
299 2527 378 2574 trans
390 2525 538 2591 Iordanem
552 2525 608 2576 lalr
621 2525 791 2586 Galaaditcs,
809 2527 920 2576 nomine
931 2529 958 2576 et
972 2527 1081 2589 origine
1095 2527 1195 2588 prioris
1203 2523 1279 2574 lilius
1293 2526 1378 2588 atque
1390 2522 1493 2574 lamosi

167 2613 225 2663 Iair'
237 2611 343 2673 affinia,
361 2613 410 2664 sed
430 2615 509 2665 oritus
528 2601 783 2678 praeclarissimum
803 2613 906 2665 lactum
925 2614 993 2664 illud
1012 2615 1132 2674 11111111,
1150 2613 1265 2664 athene
1281 2612 1433 2676 providerit
1447 2610 1490 2661 la-

166 2702 261 2752 miliae
275 2713 358 2764 suae,
373 2707 403 2753 ut
417 2703 531 2766 triginta
552 2701 673 2754 liliorum
696 2703 800 2767 singuli
817 2703 971 2754 insiderent
995 2703 1075 2753 asino
1093 2706 1121 2754 et
1141 2701 1333 2766 praesiderent
1348 2699 1488 2764 oppidulo.

165 2789 209 2844 cl.
225 2791 263 2842 ib.
280 2791 372 2842 lusum
386 2791 535 2842 verborum
549 2792 624 2844 luter
638 2798 725 2851 urim
739 2795 767 2844 et
781 2799 884 2856 niatu,
901 2794 994 2842 estnon
1009 2796 1037 2842 et
1052 2791 1146 2853 artes,
1163 2793 1210 2856 qui
1225 2791 1295 2841 nlhll
1310 2791 1383 2855 sapit
1395 2791 1490 2841 heroi-

167 2893 238 2930 cum.
257 2880 309 2930 Illa
321 2891 388 2931 vero
403 2880 536 2945 oppidula
551 2881 684 2946 populus,
702 2894 868 2946 comparans
884 2894 947 2932 cum
959 2883 1030 2932 actis
1044 2881 1145 2931 lamosi
1160 2881 1235 2931 illius
1245 2880 1411 2943 antiquioris
1424 2879 1489 2938 Ialr,

166 2949 255 3018 tacete
270 2969 428 3033 appellabat
441 2985 452 3017 ι
465 2971 569 3034 oppida
582 2971 673 3030 latr»,
691 2970 767 3035 quod
782 2971 874 3035 lepide
889 2970 994 3020 dictum
1009 2975 1135 3032 tempore
1150 2971 1272 3018 auctoris
1286 2967 1350 3017 llbri
1365 2967 1490 3018 Indicum

167 3056 258 3107 adnuo
272 3059 331 3108 erat
346 3059 374 3108 in
392 3059 518 3110 omnium
536 3071 596 3110 ore.
613 3059 664 3109 Illa
687 3059 822 3122 oppIdula
846 3071 902 3108 non
927 3060 1007 3109 erant
1026 3058 1187 3108 necessario
1207 3055 1319 3116 cadem,
1335 3059 1421 3118 atque
1441 3054 1491 3103 illa

168 3145 251 3196 Num.
272 3145 366 3207 aa,ll;
388 3147 445 3198 imo
463 3146 548 3197 luisse
568 3147 693 3206 diversa,
714 3148 774 3197 stre
793 3147 888 3210 aliqua
908 3147 966 3196 slve
984 3147 1093 3204 omnia,
1109 3145 1154 3195 vel
1169 3144 1233 3194 indo
1249 3144 1398 3206 colligitur,
1416 3143 1490 3205 quod

167 3234 325 3298 antiquiora
340 3236 388 3286 illa
405 3251 416 3282 ι
433 3235 537 3301 oppida
551 3235 607 3286 lair
623 3251 634 3281 ι
652 3235 754 3285 luerint
776 3247 893 3285 numero
912 3235 1010 3296 viginti
1030 3235 1084 3284 tria
1103 3231 1128 3297 (l
1153 3233 1216 3284 Par.
1234 3231 1317 3297 aaa),
1334 3233 1490 3282 recentiora

168 3325 290 3388 triginta

224 3551 298 3599 VIII.
314 3551 527 3600 renouatus
543 3551 686 3602 eloam
703 3549 767 3600 PRO
785 3549 978 3600 olymitana
996 3549 1237 3598 claiottnamca
1253 3547 1336 3598 MUM.
1356 3549 1434 3595 aa-ao.

213 3749 310 3814 Num.
338 3752 439 3813 3136
469 3768 540 3815 una
565 3755 614 3816 est
638 3747 817 3839 pericope,
837 3747 977 3814 tradens
1005 3745 1135 3835 lauta)
1167 3744 1327 3813 mandata
1350 3767 1369 3811 a
1390 3745 1491 3811 Iahve

171 3881 186 3912 «ι
213 3851 249 3919 in
270 3854 517 3943 campestribus
537 3856 666 3922 Moab»
694 3855 802 3937 edita,
825 3875 913 3943 quae
933 3852 1136 3920 divisionem
1156 3851 1308 3939 regionis
1331 3849 1492 3917 cisiorda-

169 3959 264 4025 nicae
283 3959 470 4048 respiciunt
493 3967 641 4051 apteque
666 3961 898 4028 adnectuntur
914 3959 1106 4027 narrationi
1129 3961 1227 4025 Num.
1253 3963 1295 4023 3-2
1316 3955 1359 4022 de
1380 3960 1490 4024 trans-

168 4064 341 4132 iordanica
372 4064 507 4134 duabus
528 4073 562 4135 et
582 4067 748 4135 dimidiae
773 4066 930 4134 tribubus
953 4087 1120 4134 concessa.
1146 4062 1282 4130 Exordii
1299 4061 1373 4128 loco
1391 4081 1491 4152 prae-

169 4170 289 4257 figitur
312 4171 473 4240 elenchus
492 4174 674 4242 stationum
699 4173 832 4264 abipso
851 4177 958 4261 Moyse
978 4171 1189 4259 conscriptus
1204 4172 1352 4252 33,1-t9,
1367 4168 1492 4257 quibus

168 4277 315 4367 populns
351 4301 389 4345 11
418 4284 574 4370 Aegypto
601 4281 645 4348 ad
678 4281 860 4349 Iordanem
889 4279 1050 4346 devectus
1078 4283 1139 4343 est.
1173 4275 1252 4342 Inde
1281 4274 1409 4364 triplici
1443 4275 1489 4366 (v.

170 4389 286 4472 tta-50}
318 4414 332 4446 κ
358 4385 394 4451 in
415 4387 663 4476 campestribus
685 4389 779 4455 Moab
806 4413 822 4448 »
854 4386 1019 4453 transitur
1044 4383 1089 4450 ad
1108 4383 1353 4450 documentum
1374 4389 1493 4465 33‚50-

171 4495 289 4573 31311,
307 4491 399 4580 quod
418 4498 467 4558 est
486 4492 528 4559 dc
552 4493 718 4562 divisione
742 4499 853 4561 terrae
872 4491 1030 4559 tribubus
1049 4488 1223 4570 facienda3
1249 4489 1329 4556 dein
1351 4488 1394 4555 ad
1412 4488 1493 4556 altc-

170 4618 247 4663 rum
263 4595 509 4666 documentum
525 4603 623 4668 Num.
646 4607 700 4683 35,
723 4599 815 4690 quod
833 4605 883 4666 est
899 4599 942 4666 de
964 4596 1110 4664 urbibus
1130 4595 1312 4663 levitarum
1328 4600 1362 4662 et
1376 4594 1491 4661 civita·

170 4703 261 4770 tibus
289 4704 413 4791 refugii
437 4705 675 4792 designandis;
702 4705 919 4773 concluditur
940 4705 1138 4772 narratione
1162 4708 1194 4769 11
1215 4702 1292 4788 lege
1316 4705 1412 4768 Num.
1434 4707 1490 4786 36,

171 4809 297 4898 quibus
314 4817 539 4900 praecavetur
550 4834 593 4878 ne
613 4812 768 4880 tribuum
783 4811 867 4878 fines
884 4810 1102 4901 postmodum
1118 4809 1400 4898 permisceantur.
1421 4809 1493 4874 Pri-
