3522 5410
100 348 115 421 Γ
155 431 177 447 ¹,
268 370 307 430 36
689 386 767 430 acra
787 383 944 430 smmum
966 382 1165 427 rosramoaa.

268 519 443 587 dabantur
458 519 568 607 (1,to;
584 526 680 602 2323
698 519 808 607 3,39),
825 519 873 584 ita
888 541 920 585 r.
943 524 984 583 50
999 516 1146 583 traditur
1156 538 1290 584 summa
1305 516 1483 607 pecuniae.
1498 542 1530 586 v.
1544 523 1585 584 aa

271 654 286 687 ι(
315 626 406 692 Tulit
429 625 538 715 iqitter
557 630 690 715 Moyses
705 625 890 715 pecuinam
905 645 1037 706 eonon,
1056 622 1117 711 (μα’
1131 625 1272 710 fecerant
1286 624 1436 712 arreptius
1456 637 1488 691 et
1502 647 1586 714 qtros

164 774 178 819 1
267 732 484 799 redemerant
503 755 524 798 a
538 732 651 798 levitis
668 760 683 793 a
692 785 701 815 ,
720 756 753 797 v.
772 738 814 798 50
830 759 845 792 a
860 753 922 820 pro
930 728 1177 819 prirnepenitis
1186 729 1342 819 filioram
1357 730 1475 816 lsrael,
1490 731 1587 797 atille

132 898 135 920 ,
198 866 203 874 ·
269 852 497 906 trecentorum
516 838 699 927 senaqiata
714 837 867 927 quinque
881 836 1043 903 siclorum
1060 864 1076 897 »
1090 836 1166 923 (273
1180 843 1247 908 ><5
1267 864 1309 894 Ξ
1325 838 1437 926 1365)
1459 868 1473 898 «
1489 837 1587 904 irrata

265 945 403 1035 pondus
417 945 608 1017 sanctuarii
628 974 657 1031 a,
681 967 713 1011 v.
744 952 784 1011 51
805 973 820 1005 a
843 957 874 1010 et
896 941 991 1010 dedit
1009 965 1084 1009 eam
1104 946 1221 1009 Aaron
1245 955 1276 1007 et
1296 942 1383 1031 filiis
1399 943 1471 1010 eins
1487 945 1586 1011 iacta

267 1055 416 1135 verbam,
434 1050 528 1141 qnod
536 1063 761 1141 praeceperat
774 1049 840 1116 stat
853 1049 1017 1116 Dominus
1037 1078 1066 1115 a.

303 1244 450 1304 Quomodo
473 1242 720 1294 determinabatur.
742 1242 857 1304 quinam
884 1242 1134 1304 primogenitorum
1155 1242 1301 1303 pecuniam
1323 1241 1478 1301 solverent,
1502 1243 1585 1304 quive

266 1333 340 1383 non?
354 1332 430 1394 Salo.
449 1333 589 1395 suggerit,
612 1330 639 1379 id
654 1331 734 1379 laetis
748 1331 871 1380 sortibus
888 1342 951 1380 esse
966 1329 1119 1379 definitum.
1138 1329 1245 1380 Silante
1262 1329 1407 1392 Scriptura
1420 1330 1585 1393 prudentius

266 1423 336 1471 nihil
352 1421 535 1471 affirmamus.
552 1447 588 1455 -
602 1418 658 1478 Qui
671 1418 850 1482 postmodum
864 1419 1051 1468 nascebantur
1070 1418 1172 1467 levitae
1186 1419 1238 1468 toti
1252 1419 1287 1468 ad
1302 1419 1392 1468 Deum
1406 1419 1586 1481 pertinebant

267 1507 368 1575 (Aug),
387 1527 399 1557 a
416 1511 487 1559 siout
497 1508 603 1558 tructus
615 1508 725 1557 arboris
738 1509 803 1557 sunt
815 1508 885 1568 eius,
898 1509 946 1570 qui
955 1505 1084 1556 dominus
1094 1507 1137 1556 est
1150 1506 1257 1556 arboris
1274 1523 1285 1554 s
1305 1505 1430 1574 (bonta).
1446 1507 1522 1567 ideo,
1534 1509 1586 1570 qui

265 1598 443 1662 postmodum
463 1596 651 1647 nascebantur
670 1597 787 1645 aliarum
804 1596 926 1645 tribuum
949 1596 1127 1661 primogeniti
1153 1608 1241 1643 omnes
1261 1597 1351 1659 pretio
1372 1595 1583 1646 redimebantur

267 1686 357 1753 (lats
374 1683 456 1752 sqqt.
475 1686 665 1736 Commutatio
690 1689 797 1735 tantum
819 1685 873 1733 hac
887 1685 977 1747 prima
997 1684 1057 1733 vioe
1078 1683 1204 1734 adhibita
1225 1691 1276 1739 est,
1296 1698 1351 1748 quo
1365 1684 1486 1735 vividius
1501 1685 1584 1734 intel-

265 1777 387 1838 ligerent
405 1775 539 1836 Hebraei,
556 1788 611 1837 quo
630 1775 807 1836 potissimum
820 1774 879 1824 iure
893 1773 995 1822 levitae
1013 1773 1065 1822 Del
1081 1775 1174 1823 essent
1192 1774 1305 1835 suisque
1320 1772 1478 1823 fruerentur
1492 1774 1581 1836 privi-

266 1864 358 1926 legiis.
372 1863 414 1914 Cl.
427 1863 503 1925 Spto.

360 2070 392 2128 2.
419 2063 554 2130 Levitae
574 2060 756 2152 portandis
780 2057 936 2127 oneribus
960 2060 1065 2127 sacris
1090 2060 1300 2127 addicantur
1324 2063 1427 2128 Nam.
1456 2067 1486 2127 l.

307 2271 433 2334 Census
458 2272 556 2334 Num.
580 2273 599 2332 3
629 2265 836 2345 habebatur,
863 2285 940 2331 oum
968 2269 1006 2329 ut
1033 2285 1129 2330 sacra
1155 2263 1344 2331 ministeria
1367 2264 1518 2331 alevitis
1542 2264 1580 2330 in

264 2373 564 2445 castrisoheunda
592 2372 828 2454 definirentur,
854 2394 958 2460 quae,
987 2369 1080 2459 quod
1105 2370 1269 2438 maiorem
1298 2376 1431 2459 partem
1454 2372 1581 2438 leviora

264 2486 389 2563 essent,
410 2502 481 2546 non
501 2479 580 2545 solis
600 2479 682 2545 viris
703 2501 723 2544 a
747 2484 803 2543 30⁰
829 2499 919 2544 anno
941 2484 975 2543 et
994 2499 1098 2566 supra
1119 2476 1432 2556 committebantur,
1451 2483 1526 2544 tum
1545 2483 1582 2543 ut

197 2598 199 2602 ’
265 2609 428 2654 numerus
442 2587 625 2651 levitarum
643 2585 830 2651 disceretur
854 2605 917 2672 pro
936 2582 1172 2672 redemptione
1191 2605 1224 2650 v.
1248 2589 1288 2649 to
1306 2605 1380 2672 sqq.
1409 2583 1577 2651 facienda.

265 2695 456 2760 Levitarum
485 2690 662 2758 incastris
690 2689 803 2757 officia
825 2689 966 2755 brevius
992 2689 1273 2778 expediebantur,
1302 2691 1396 2779 quod
1417 2696 1477 2757 aut
1500 2690 1582 2757 solis

263 2797 496 2866 sacerdotibus
514 2796 673 2863 iuvandis
686 2801 881 2863 constarent
895 2801 954 2862 aut
972 2795 1166 2862 accessoriis
1180 2796 1388 2885 quibusdam
1402 2797 1581 2864 laboribus

265 2905 481 2996 (emendare,
508 2904 675 2970 mundare
699 2902 790 2991 etc.).
817 2907 895 2968 Erat
918 2907 1033 2968 autem
1057 2925 1146 2969 unus
1170 2902 1278 2983 labor,
1306 2925 1377 2970 non
1404 2903 1580 2970 incastris

263 3013 321 3080 sed
342 3011 379 3077 in
398 3011 518 3077 itinere
537 3009 798 3099 persolvendus,
817 3009 962 3099 quique,
980 3031 1059 3075 cum
1080 3007 1250 3098 imprimis
1272 3010 1310 3075 in
1333 3008 1468 3076 deserto
1493 3015 1578 3076 esset

262 3121 412 3209 supremi
438 3116 618 3198 momenti,
634 3117 715 3183 solis
737 3115 847 3182 levitis
867 3115 1088 3182 incumbebat
1109 3137 1116 3183 :
1137 3129 1278 3205 portare
1298 3139 1350 3181 res
1369 3139 1494 3183 sacras.
1520 3115 1578 3183 llic

262 3227 333 3293 iam
360 3225 461 3292 labor
485 3223 678 3291 distinctius
706 3222 905 3311 explicatur.
934 3221 1162 3308 cognationes
1189 3232 1408 3290 recensentur
1436 3245 1507 3290 non
1531 3223 1582 3288 uti

263 3339 361 3399 Num.
387 3340 405 3399 3
428 3331 549 3398 ordine
574 3331 717 3417 originis
741 3329 896 3418 (Gerson,
918 3330 1040 3410 Caath,
1068 3329 1204 3411 llerari;
1234 3330 1356 3396 cilix.
1384 3333 1495 3419 aaa,
1522 3329 1580 3395 sed

264 3439 384 3506 ordine
406 3438 584 3525 diguitatis
610 3437 746 3525 (caath,
768 3440 910 3518 Gorson,
931 3435 1077 3525 blerari).
1104 3436 1292 3517 Caathitae,
1314 3437 1441 3525 quibus
1456 3458 1509 3503 res
1530 3459 1583 3502 sa-

264 3546 429 3612 cerrimae
450 3542 637 3632 portandae
662 3542 936 3625 committuntur,
953 3541 1083 3609 habent
1101 3542 1237 3632 eloquia
1258 3543 1343 3625 duo,
1365 3565 1436 3609 non
1457 3541 1513 3609 ad'
1526 3563 1581 3608 so-

264 3653 337 3719 lum
359 3656 493 3738 Moysen
515 3649 574 3716 sod
588 3648 670 3716 item
685 3649 729 3716 ad
744 3654 858 3715 Aaron
873 3648 1016 3728 directa,
1041 3671 1119 3715 cum
1134 3649 1178 3715 ob
1196 3650 1245 3716 rei
1260 3651 1480 3737 gravitatem,
1508 3656 1579 3716 tum

181 3788 184 3793 ·
265 3759 357 3850 quod
373 3763 486 3824 Aaron
502 3764 586 3824 esset
601 3755 834 3823 caathitarum
855 3761 970 3845 caput.

611 3976 636 4009 a.
656 3962 747 4008 Divina
760 3963 790 4008 de
807 3960 928 4008 caathitis
943 3961 1233 4022 aequisonantia

738 4076 868 4135 Eloquium
885 4076 991 4135 primum
1005 4091 1033 4124 v.
1056 4078 1118 4123 1-16.

308 4242 393 4328 Ara
415 4277 459 4288 -
472 4237 651 4306 Numerari
669 4235 832 4302 iubentur
846 4259 878 4301 v,
899 4242 919 4301 2
944 4259 994 4325 sq.
1025 4241 1088 4304 Res
1106 4242 1335 4304 sacrosanctas
1355 4237 1418 4305 soli
1441 4240 1583 4306 daroni-

264 4352 319 4413 tae
343 4346 528 4412 involueris
559 4343 759 4425 obvolvant,
785 4348 897 4408 vectes
918 4342 1119 4429 gestatorios
1141 4342 1294 4409 inserant
1315 4367 1347 4410 v.
1377 4350 1468 4411 3-1t.
1497 4345 1581 4412 Dein

265 4451 439 4520 Canthitae
456 4455 608 4542 portent,
624 4471 770 4540 quorum
791 4449 953 4538 princeps
972 4449 1109 4515 Eleazar
1123 4472 1154 4517 v.
1175 4456 1215 4517 15
1235 4473 1285 4540 sq.

314 4561 396 4649 Cap.
424 4560 444 4624 l
448 4561 475 4626 V
492 4581 523 4623 v.
548 4564 564 4623 1
592 4589 607 4618 a
631 4561 843 4644 baculusque
862 4567 909 4622 est
929 4555 1094 4621 Dentibus
1118 4555 1165 4621 ad
1186 4558 1327 4646 Moysen
1346 4569 1378 4624 et
1395 4559 1511 4624 Aaron
1527 4557 1581 4625 az·-

264 4691 343 4734 cens
365 4694 380 4728 a
409 4687 418 4734 :
445 4689 476 4732 v.
500 4672 520 4730 2
543 4691 558 4725 a
588 4663 679 4729 Tolle
696 4685 863 4730 srenzmam
883 4661 1038 4751 filioram
1060 4661 1176 4730 Coatla·
1192 4661 1233 4730 de
1256 4662 1368 4730 medio
1394 4662 1576 4732 levitarum

258 4798 323 4865 per
347 4773 463 4841 domos
488 4784 519 4838 et
540 4770 696 4861 tettalias
721 4793 799 4837 snas
819 4790 854 4849 »ς
873 4768 999 4858 reliqui
1025 4789 1033 4836 :
1058 4790 1121 4859 per
1145 4769 1366 4860 reparationes
1394 4792 1489 4854 saaS,
1517 4795 1580 4863 per
