3554 5406
725 439 799 483 uun.
824 423 892 495 tat
917 437 982 490 sao.
1458 429 1517 488 336

190 581 308 636 sancta
324 597 354 650 »‚
371 569 395 636 i.
413 593 443 637 e.
460 592 707 653 concrescere,
725 602 738 633 a
756 570 820 638 ecit
835 573 947 654 vobes;
960 591 1058 636 omne
1074 593 1158 660 opus
1170 571 1289 638 seruile
1300 576 1514 663 nonfacietis

190 677 227 742 in
246 697 305 757 ea,
326 676 410 765 quia
433 675 505 742 clies
525 675 698 765 clanporis
719 690 769 744 est
789 690 821 744 et
839 680 999 745 tubarum
1026 704 1055 743 a.
1081 681 1198 744 Versus
1218 679 1424 748 verbotenus
1444 683 1516 750 iere

191 782 360 850 consentit
378 803 456 848 cum
474 787 551 850 LeV.
570 789 685 866 6336,
702 785 767 852 nisi
781 783 873 874 quod
892 783 981 851 illud
997 783 1040 849 de
1058 783 1148 850 tubis
1166 782 1211 851 ad
1230 783 1334 852 linem
1351 789 1514 856 remittat.

189 889 428 956 Holocaustutn
443 911 536 971 vera,
555 889 649 977 quod
663 891 711 956 ib.
730 891 913 976 attingitur
927 896 1078 970 tantum,
1097 890 1132 956 h.
1149 890 1173 956 l.
1188 914 1220 957 v.
1237 897 1258 958 2
1273 914 1348 981 sqq.
1367 894 1515 983 explica-

191 1001 257 1062 tur.
275 1018 308 1062 v.
326 1000 346 1059 2
364 1024 380 1055 a
402 994 628 1085 offeretisque
642 995 879 1064 holocaustum
894 997 931 1062 in
947 995 1083 1062 odorem
1097 995 1339 1064 suavissimum
1354 1000 1513 1085 Domina,

190 1100 337 1168 uitulum
358 1100 399 1167 ule
418 1113 573 1168 actitante
588 1124 718 1183 einum,
738 1103 879 1170 arielem
893 1125 1003 1170 cccrum
1018 1113 1050 1168 et
1069 1125 1176 1191 apnos
1196 1103 1377 1172 anniculos
1392 1106 1515 1174 imma-

191 1206 320 1273 culatos
341 1218 467 1296 septem
492 1228 526 1298 »5
550 1230 582 1274 v.
607 1215 626 1274 3
650 1235 667 1270 «
688 1220 721 1274 et
740 1210 774 1274 ln
799 1209 978 1296 sacrificiis
997 1236 1013 1270 n
1033 1247 1078 1258 -
1099 1214 1192 1276 verte
1215 1211 1251 1276 ln
1276 1210 1452 1279 ntincliam
1471 1253 1514 1264 -

193 1340 209 1375 α
236 1335 354 1380 eoi-am
377 1307 510 1380 similae
531 1312 602 1382 oleo
628 1336 826 1404 conspersae
849 1327 913 1382 tres
938 1315 1088 1382 decimas
1109 1337 1172 1405 pec
1194 1316 1347 1406 sinpalas
1371 1319 1513 1399 citalm,

191 1418 278 1486 duas
296 1418 447 1486 decimas
461 1442 527 1510 pec
546 1422 687 1488 arietem
712 1450 743 1504 a,
758 1444 789 1490 v.
807 1427 827 1489 6
851 1451 865 1484 «
889 1445 995 1489 unam
1017 1421 1185 1490 decimam
1206 1445 1269 1511 per
1289 1446 1436 1514 apnnm,
1454 1427 1516 1516 qui

190 1525 316 1615 [simul]
336 1537 415 1592 scint
434 1526 519 1614 apni
533 1539 661 1616 septem
678 1548 713 1608 »3
733 1551 763 1593 v.
783 1536 834 1604 5„«
852 1540 884 1595 ct
896 1528 1029 1595 hircum
1045 1551 1109 1617 pro
1125 1541 1278 1619 peccato,
1296 1531 1357 1620 qui
1373 1533 1516 1623 offertur

99 1717 114 1739 ο
191 1632 228 1698 in
242 1631 475 1721 expiationem
489 1633 613 1723 papuli
635 1661 666 1700 a.
685 1638 910 1724 Nequaquam
931 1657 1011 1701 vero
1030 1634 1067 1701 iu
1083 1636 1149 1702 boc
1160 1636 1337 1705 novilunio
1354 1639 1514 1706 omitten-

190 1739 273 1806 dum
290 1739 512 1820 sacrificium,
527 1739 621 1828 quod
635 1739 796 1808 omuibus
808 1740 996 1808 noviluniis
1008 1763 1189 1810 commune
1204 1748 1254 1810 est
1268 1765 1301 1810 v.
1324 1751 1344 1808 6
1360 1765 1367 1812 :
1386 1773 1402 1806 «
1410 1767 1514 1835 pcae-

191 1857 242 1912 ter
259 1845 498 1912 holacaustum
514 1845 738 1914 calendarum
755 1868 831 1912 cum
845 1846 1023 1935 sacrificiis
1040 1848 1109 1913 suis
1126 1875 1155 1932 a,
1175 1869 1235 1915 seu
1249 1849 1363 1916 verius
1378 1852 1515 1919 minclta

190 1973 264 2038 sua,
290 1980 305 2012 «
324 1964 357 2018 et
374 1951 614 2020 holocaustum
632 1951 878 2040 sempiternum
894 1980 925 2033 n,
944 1952 1181 2041 quotidianum
1197 1976 1274 2020 cum
1293 1955 1431 2022 minclia
1452 1981 1515 2024 sua

162 2143 164 2148 Ι
192 2071 223 2124 et
242 2085 258 2119 u
275 2080 351 2125 eum
365 2057 586 2125 libationibus
602 2057 735 2146 [solitis]
756 2085 771 2119 a
790 2097 831 2108 -
853 2057 1012 2126 suffixum
1027 2057 1072 2124 ad
1091 2059 1208 2132 omnia
1229 2060 1395 2128 sacrificia
1408 2085 1439 2130 v.
1458 2071 1513 2130 ·2-6

193 2165 340 2232 retertur
350 2185 357 2244 3
369 2165 553 2254 pergitque
567 2163 668 2230 Hebe.
685 2185 698 2228 .·
710 2164 799 2230 sicut
809 2177 1030 2254 praeceptum
1045 2177 1115 2250 est‚·
1126 2187 1189 2253 pro
1205 2189 1273 2254 quo
1290 2165 1388 2255 Vulp.
1401 2168 1515 2234 minus

191 2278 381 2338 accurate«
407 2269 533 2338 eisdem
553 2269 753 2336 ceremoniis
770 2270 921 2360 offeretis
940 2297 956 2332 a
972 2308 1017 2320 —
1034 2298 1051 2332 u
1067 2270 1105 2336 in
1121 2271 1255 2338 odorem
1274 2272 1513 2341 suavissimum

192 2377 368 2443 incensum
384 2405 414 2456 a,
431 2375 453 2441 i.
471 2399 500 2442 e.
522 2375 841 2458 combustionem«
856 2375 1001 2442 Domina
1021 2403 1049 2444 n,

558 2563 708 2610 Sacrificium
722 2563 771 2610 diei
785 2563 933 2623 expiationis
947 2563 1022 2612 Num.
1038 2564 1145 2623 rap-11.

236 2725 268 2769 v.
291 2711 311 2768 7
331 2703 424 2770 idem
443 2709 492 2771 cst
511 2725 589 2772 cum
610 2709 685 2772 Lev.
708 2710 821 2788 2327.
843 2709 915 2786 28⁰3
938 2704 1100 2772 ultimum
1119 2727 1152 2771 v.
1174 2711 1217 2770 27
1235 2705 1400 2790 incisum,
1419 2710 1511 2797 quod

190 2814 240 2877 est
260 2809 303 2876 de
324 2809 516 2892 sacrificiu,
542 2810 730 2900 explicatur
749 2833 782 2878 v.
806 2817 827 2877 8
849 2833 939 2900 sqq.,
965 2811 1090 2878 omissa
1108 2812 1312 2879 tractatione
1335 2812 1378 2879 de
1398 2817 1513 2903 expia-

189 2916 293 2984 tione.
319 2938 350 2984 ν.
378 2923 398 2982 ’1
422 2943 438 2978 u
465 2916 604 2983 Decima
628 2939 762 3006 quaque
792 2915 864 2983 dies
892 2918 1017 2984 mensis
1041 2917 1145 2985 buius
1167 2917 1305 3007 septimi
1332 2919 1398 2984 erit
1421 2921 1512 2986 cabis

191 3037 310 3089 sancta
322 3033 424 3111 alque
439 3022 637 3089 uenerabilis
655 3051 685 3108 a,
702 3023 727 3089 i.
740 3047 770 3088 e.
787 3023 850 3089 erit
864 3023 980 3089 concio
995 3046 1108 3104 sacca,
1128 3053 1142 3085 ιι
1156 3035 1187 3090 et
1202 3024 1365 3113 afflipctis
1378 3026 1513 3092 animas

190 3141 337 3214 vestran·
356 3151 454 3195 oncne
474 3151 559 3218 opus
580 3129 727 3216 [servile]
750 3150 820 3194 rioci
839 3129 977 3217 facietis
998 3129 1036 3194 in
1054 3151 1095 3194 ea
1118 3157 1148 3194 n.
1169 3130 1342 3198 omittitur
1361 3147 1445 3199 ntur
1464 3135 1511 3198 uti

190 3240 268 3302 Lev.
284 3241 399 3317 2338,
417 3235 628 3325 praecipitur
647 3234 775 3324 quippe
795 3235 913 3301 stricta
929 3233 1082 3322 requies,
1101 3235 1212 3323 qualis
1229 3236 1379 3304 sabbatis
1394 3238 1512 3305 obser-

189 3343 348 3422 yabatur.
368 3365 402 3408 v,
419 3348 439 3408 8
454 3369 469 3404 u
489 3340 715 3432 offeretisque
734 3339 973 3408 holocaustum
988 3339 1134 3407 Domine
1150 3339 1187 3407 in
1200 3341 1337 3409 odorem
1354 3344 1512 3412 suauissi-

191 3469 300 3533 mam,
329 3446 477 3513 uitulum
502 3447 543 3512 cle
563 3458 716 3513 armento
741 3469 866 3533 unum,
895 3444 1036 3513 arietem
1057 3467 1182 3530 senum,
1207 3469 1315 3536 apnos
1333 3451 1511 3517 anniculos

191 3552 428 3620 immaculatos
446 3565 573 3644 septem
595 3575 632 3636 »ς
649 3575 682 3623 v.
698 3559 717 3620 9
740 3580 756 3616 u
778 3565 810 3620 et
828 3552 865 3618 in
883 3552 1061 3642 sacrificiis
1079 3580 1095 3614 »
1115 3559 1269 3621 -verte
1288 3555 1325 3621 in
1339 3556 1510 3624 mc'ncltam

189 3699 233 3710 -
250 3688 265 3721 u
284 3680 400 3726 cocum
414 3657 550 3726 similae
569 3656 641 3726 oleo
660 3681 859 3750 conspersae
878 3671 944 3726 tres
964 3657 1112 3726 decimas
1123 3681 1186 3749 pec
1199 3660 1356 3750 sinpalos
1369 3663 1508 3744 vitulos,
1596 3745 1597 3748 Ἴ

190 3766 277 3833 eluas
303 3765 452 3833 decimas
472 3787 535 3854 per
554 3765 696 3833 arietem
720 3793 751 3849 a,
775 3789 808 3833 v.
837 3773 876 3832 10
904 3791 921 3826 «
948 3764 1116 3832 decimam
1142 3765 1293 3834 decimae
1310 3791 1376 3858 per
1401 3793 1509 3858 apnos

190 3871 362 3963 ampulas,
379 3873 533 3962 quisunt
554 3871 685 3959 [simul]
710 3872 796 3960 apni
814 3883 943 3960 septem
960 3891 996 3952 »ς
1015 3894 1046 3940 v.
1064 3879 1102 3938 11
1124 3901 1137 3933 a
1155 3885 1189 3940 et
1203 3873 1335 3940 bimum
1347 3897 1411 3964 pro
1426 3898 1510 3964 pcc-

191 3990 266 4046 cata
285 3981 410 4068 absque
430 3977 498 4064 liis,
515 4000 603 4068 qnae
626 3979 747 4068 offen-i
762 4000 826 4068 pcc
845 3976 969 4044 delicte
992 4005 1008 4041 n
1025 4017 1069 4028 —
1087 4001 1146 4045 seu
1166 3980 1279 4046 verius
1290 4003 1356 4069 pro
1369 3993 1508 4070 peccato

190 4123 234 4136 -
255 4113 270 4146 u
293 4086 401 4152 solent
419 4085 456 4152 in
476 4085 709 4174 expiationem
732 4113 764 4166 n,
787 4084 811 4152 i.
838 4107 868 4152 e.
891 4083 1096 4152 sacrificium
1118 4090 1195 4154 Lev.
1219 4091 1259 4151 16
1281 4083 1507 4176 descriptum,

193 4221 208 4253 u
229 4203 261 4260 et
280 4191 514 4259 holocaustum
529 4189 771 4281 sempiternum
789 4212 865 4257 cum
884 4189 1052 4279 sacrificio
1081 4216 1097 4250 »
1127 4227 1171 4240 -
1190 4197 1282 4256 verte
1306 4191 1442 4259 mincba
1466 4231 1511 4244 -··

192 4325 207 4360 n
227 4310 259 4366 et
275 4297 495 4366 libaminibus
508 4317 624 4364 eorum
639 4323 670 4364 c.

470 4465 595 4514 Sacrificin
611 4469 713 4514 oetam
727 4463 786 4511 teeti
801 4463 1012 4512 tabernaculorum
1026 4463 1099 4515 Num.
1112 4465 1232 4524 261268.

237 4606 288 4674 Uti
309 4611 385 4674 Lev.
403 4612 521 4690 23‚35‚
539 4607 767 4674 conciosacra
778 4611 811 4673 et
828 4605 940 4694 operis
954 4605 1086 4673 servilis
1097 4605 1286 4694 prohibitio
1297 4628 1367 4674 non
1380 4607 1509 4676 adscri-

192 4714 320 4784 buntur
333 4712 399 4780 nisi
415 4735 479 4803 pro
495 4712 551 4780 die
570 4713 684 4802 prima
703 4717 738 4780 et
754 4719 886 4786 octava.
907 4735 941 4781 v.
967 4718 1007 4779 12
1030 4739 1046 4774 u
1073 4711 1337 4793 Qccintadecima
1359 4735 1436 4782 cero
1456 4716 1509 4782 die

193 4820 316 4892 mensis
338 4819 477 4910 septimi
502 4820 616 4910 [quae]
637 4819 729 4886 vobis
747 4829 867 4888 salicta
891 4821 956 4886 ecit
974 4830 1078 4908 atque
1102 4819 1303 4888 uenerabilis
1329 4847 1359 4907 a,
1384 4860 1429 4876 -
1450 4843 1508 4890 seu
