3538 5404
700 465 774 510 um.
799 451 871 524 nm
891 467 951 519 su.
1016 413 1018 416 ¹
1109 443 1110 446 ‘
1448 453 1486 512 m

164 601 257 667 LXX
280 598 350 666 Gnd
375 599 533 686 relegant
549 599 594 666 ud
618 599 749 666 calcem
769 599 962 682 Beniamin,
981 622 1064 686 ergo
1094 603 1171 689 post
1196 601 1355 668 Rachelis
1381 601 1483 668 filios.
1513 591 1518 612 ’

200 779 269 831 Inde
288 793 305 830 a
327 794 354 832 v.
379 780 546 832 necaonem
567 783 728 832 constanter
749 783 895 833 recurrunt
913 781 1064 843 formulae,
1083 781 1130 832 ubi
1151 794 1264 844 perraro
1288 795 1345 832 una
1363 783 1487 833 alterave

164 867 382 930 manumittitur,
400 871 448 920 aut
464 870 583 921 habetur
599 871 721 921 varietur
739 869 901 921 lectionum.
920 871 1050 921 Formula
1070 871 1140 919 haec
1159 871 1202 920 est
1221 883 1226 920 :
1247 872 1337 930 Quoad
1354 871 1425 935 ptiar
1441 873 1485 931 N„

165 959 351 1022 quurattoner
374 972 464 1008 corum
482 938 597 1020 (ΠἹΒἸΠ,
620 959 654 1008 ci.
673 958 742 1009 Gen.
766 960 808 1018 5,1
832 957 897 1021 etc.)
920 961 1063 1009 secuudum
1085 959 1255 1022 coquationes
1275 973 1378 1020 eorum,
1401 962 1489 1023 quoad

165 1049 316 1111 patroectar
336 1061 440 1107 eorum,
464 1061 514 1111 pro
534 1060 644 1096 numero
661 1049 802 1097 nominum
819 1061 869 1113 per
887 1048 997 1112 u'nqtdc
1019 1047 1125 1112 capita,
1142 1049 1228 1096 omnir
1247 1061 1304 1097 mar
1325 1063 1342 1098 a
1360 1050 1487 1111 uiqeetma

166 1151 238 1186 anno
248 1141 273 1187 et
286 1150 380 1201 cupro,
393 1163 429 1173 -
439 1141 467 1188 ct
481 1137 646 1199 exprimitur
659 1135 724 1188 finis
736 1139 908 1188 eius'census
922 1139 1052 1202 princeps
1065 1163 1101 1173 -
1112 1138 1311 1202 procedentium
1322 1139 1356 1187 ad
1370 1137 1487 1188 betium:

166 1239 258 1274 census
272 1239 362 1274 eorum
377 1227 464 1288 quoad
480 1225 579 1275 tribum
595 1227 628 1278 N.
644 1227 698 1276 uiri
718 1241 743 1276 r.
763 1225 862 1286 Quoad
878 1227 1033 1276 Rubenitas
1047 1225 1167 1276 formula
1185 1227 1291 1276 orditur
1309 1227 1419 1290 [uerunt
1434 1227 1489 1292 qun

165 1313 269 1374 duum,
285 1313 451 1364 adscribitur
470 1315 610 1378 appositio
627 1315 812 1376 qencrctteaer
827 1327 926 1375 comm,
948 1315 1012 1365 dein
1028 1315 1146 1382 abrupta
1163 1317 1369 1365 constructione
1384 1315 1420 1365 ad
1434 1315 1487 1366 for-

166 1402 270 1454 mulam
289 1401 373 1452 modo
387 1401 556 1467 descriptam
571 1402 709 1454 delabitur
727 1405 906 1454 constructio.

208 1570 241 1616 v.
257 1555 299 1616 20
322 1576 338 1610 a
361 1553 409 1615 De
425 1551 562 1630 Ruben,
579 1549 816 1640 primoqenito
839 1549 992 1632 IsraeliS,
1014 1573 1079 1640 per
1106 1549 1346 1639 qencrationer
1373 1562 1406 1616 et
1427 1553 1488 1639 sa-

166 1653 283 1722 miliar
305 1678 345 1722 ae
364 1653 481 1722 domos
502 1677 596 1740 succ,
619 1669 651 1722 et
674 1656 816 1722 nomina
841 1655 996 1746 capitum
1015 1655 1255 1746 cinqulorum,
1279 1679 1377 1724 omne
1397 1656 1492 1747 quod
1594 1739 1597 1743 .

164 1783 265 1828 semu
283 1775 332 1828 est
349 1761 535 1830 masculini
556 1785 577 1828 a
600 1762 764 1851 oiqeeimo
784 1785 877 1829 anno
897 1776 929 1829 et
947 1785 1070 1853 supra,
1081 1762 1341 1853 procedentium
1358 1762 1406 1830 ad
1421 1761 1491 1830 det-

167 1867 238 1934 lum
256 1895 292 1952 u,
312 1891 344 1936 v.
368 1873 408 1935 21
435 1897 451 1932 a
477 1867 714 1960 quadraqinta
733 1892 792 1938 sea
814 1869 929 1936 millia
948 1869 1133 1959 quinqenti
1151 1897 1181 1935 u.
1199 1891 1232 1936 v.
1254 1876 1296 1935 22
1315 1897 1331 1930 «
1345 1873 1393 1936 De
1404 1869 1490 1958 filiis

166 1974 307 2042 Simeon
332 1995 395 2063 per
422 1974 659 2064 qenerationer
688 1988 721 2041 et
744 1975 971 2062 [amilianae
998 1974 1115 2042 domos
1140 1975 1382 2065 coquationum
1408 1997 1490 2042 sua-

167 2103 243 2147 rum
267 2080 424 2148 recensiti
452 2094 532 2148 sum
560 2103 622 2171 per
644 2079 789 2148 cremina
811 2094 843 2148 et
870 2082 986 2172 capita
1014 2081 1248 2170 sinqulorum,
1276 2103 1374 2148 omne
1398 2081 1491 2172 quod

166 2209 265 2254 senus
291 2199 338 2254 eet
365 2187 551 2254 masculini
583 2212 605 2254 c
635 2188 797 2278 ciqesimo
824 2211 916 2255 anno
943 2202 977 2256 et
1002 2211 1122 2278 supra,
1147 2188 1407 2278 procedentium
1443 2188 1491 2256 ud

168 2294 293 2361 bellum
314 2320 348 2374 u,
366 2317 398 2360 v.
418 2299 460 2360 23
483 2321 499 2357 u
521 2293 779 2384 quinquaqinta
800 2316 921 2361 novem
941 2294 1053 2360 millia
1072 2294 1214 2360 trecenti
1234 2321 1264 2360 u.
1287 2317 1319 2358 v.
1342 2301 1383 2361 m
1404 2320 1420 2356 (ε
1439 2298 1489 2361 De

163 2399 249 2490 filiis
276 2399 353 2466 Gud
367 2423 433 2490 per
451 2400 687 2490 qenerationes
710 2413 743 2468 et
763 2399 924 2487 familias
943 2423 983 2467 ae
1008 2399 1125 2466 domos
1147 2400 1392 2489 coqnctionum
1407 2423 1488 2467 sua-

166 2529 243 2573 rum
257 2509 415 2573 recenriti
433 2519 512 2573 sunt
522 2529 589 2595 per
603 2506 746 2574 nomina
762 2506 981 2596 cinqulorum
998 2529 1020 2573 a
1041 2505 1167 2598 riqinti
1183 2506 1286 2602 nanis
1307 2519 1340 2573 et
1363 2529 1484 2598 seqare,

169 2634 283 2680 omnes
309 2613 371 2702 qui
394 2612 442 2680 ad
466 2613 554 2680 bellu
571 2612 798 2704 procederent
827 2641 861 2698 u,
887 2637 919 2680 v.
946 2619 989 2680 25
1021 2639 1036 2675 «
1070 2612 1308 2704 quadraqinta
1335 2613 1489 2703 quinque

168 2719 282 2786 millia
302 2719 452 2786 sencenti
475 2720 733 2809 quinquaqinta
759 2749 789 2788 n.
817 2743 850 2788 v.
877 2726 919 2787 26
947 2747 963 2782 u
988 2723 1037 2786 De
1058 2719 1144 2808 filiis
1163 2719 1251 2787 Iuda
1268 2715 1331 2810 per
1347 2743 1487 2809 qenero-

169 2825 278 2893 tioner
302 2838 335 2893 et
350 2825 506 2915 familias
530 2849 571 2894 ac
593 2825 709 2892 domos
729 2827 974 2916 coqnationum
992 2849 1147 2912 serarum,
1164 2849 1230 2916 per
1252 2826 1396 2894 nomina
1417 2826 1486 2893 sin-

167 2931 329 3022 qulorum
357 2955 379 2999 a
403 2932 566 3021 m'qerimo
592 2953 683 2999 anuo
709 2945 741 2998 et
761 2955 884 3022 surpra,
911 2934 1111 3022 omnesqui
1136 2945 1301 3023 poterant
1324 2932 1372 3000 ad
1400 2931 1488 2999 bella

165 3038 348 3128 procedere
371 3067 407 3121 n,
429 3062 461 3106 v.
485 3045 527 3104 27
548 3065 563 3099 u
590 3039 749 3105 recensiti
766 3052 845 3105 nent
870 3039 1092 3129 septuaqinta
1111 3052 1262 3128 quatuor
1283 3036 1398 3105 millia
1413 3061 1489 3122 seu-

169 3147 261 3212 centi
279 3173 309 3212 u.
333 3169 365 3214 v.
389 3151 432 3212 28
457 3171 473 3206 a
499 3149 548 3212 De
566 3145 653 3236 filiis
679 3145 840 3218 issachar¹
854 3168 917 3236 per
939 3146 1179 3235 qenerationcs
1204 3159 1237 3212 et
1260 3144 1421 3234 sarriilias
1449 3168 1489 3211 ac

169 3251 288 3319 dentes·
307 3252 553 3340 coquationum
578 3274 736 3334 erearum,
759 3276 826 3342 per
847 3253 990 3319 nomina
1025 3252 1242 3340 sinqulorum
1275 3274 1297 3319 a
1323 3250 1488 3340 oiqesimo

168 3381 260 3426 aureo
280 3371 312 3424 et
331 3381 451 3448 supra,
470 3380 584 3425 omnes
603 3358 666 3448 qui
688 3358 736 3425 ad
759 3357 846 3424 della
869 3358 1096 3447 procederent
1120 3387 1156 3441 u,
1177 3381 1210 3426 v.
1230 3363 1271 3424 29
1295 3384 1310 3419 u
1331 3357 1490 3424 recensiti

168 3477 247 3532 sunt
273 3465 530 3554 quinquaqinta
552 3476 701 3554 quatuor
723 3463 839 3532 millia
863 3463 1109 3554 quadrinqenti
1131 3493 1160 3530 ».
1180 3487 1213 3532 v.
1236 3471 1278 3534 30
1299 3493 1314 3525 α
1338 3467 1387 3530 De
1403 3462 1489 3554 filiis

169 3571 320 3638 Zabulon
340 3594 405 3660 per
431 3571 669 3660 qenerationes
690 3583 722 3637 et
747 3571 904 3660 [arrriiias
926 3593 967 3636 ac
993 3570 1110 3638 domos
1141 3571 1388 3662 coquctionum
1411 3594 1490 3638 scta-

169 3699 245 3746 rum
276 3677 434 3744 recensiti
461 3690 541 3744 sunt
569 3700 632 3768 per
662 3678 804 3744 nomina
835 3677 1053 3768 sinqulorum
1084 3701 1105 3744 a
1138 3678 1298 3768 eiqesimo
1332 3701 1423 3748 anno
1457 3689 1491 3744 et

169 3805 292 3874 supra,
312 3806 427 3850 omnes
449 3785 512 3874 qui
525 3795 687 3873 poterant
709 3783 756 3850 ad
781 3783 870 3852 bella
884 3783 1071 3874 procedere
1091 3813 1125 3868 u,
1151 3809 1184 3854 v.
1211 3792 1252 3852 31
1276 3813 1291 3846 a
1317 3785 1489 3876 quinqua·

169 3891 269 3980 qinta
289 3904 415 3980 septem
439 3889 554 3956 millia
577 3889 825 3980 quadrinqenti
842 3917 872 3956 ».
896 3913 928 3958 v.
956 3897 998 3957 32
1025 3917 1040 3953 u
1066 3893 1114 3957 De
1132 3891 1219 3981 filiis
1240 3891 1377 3979 Ioseph,
1398 3889 1489 3979 filio-

171 4021 247 4064 rum
266 3997 434 4088 Ephraim
458 4019 524 4088 per
547 3997 785 4086 qenerationes
807 4009 839 4063 et
863 3997 1022 4084 familias
1048 4019 1088 4064 ac
1107 3997 1224 4064 domos
1244 3996 1490 4085 coquationum

169 4128 308 4172 cerarum
331 4104 493 4172 recensiti
518 4116 597 4171 sunt
612 4126 679 4192 prr
701 4102 844 4200 nomina
867 4103 1084 4193 sinqulorum
1110 4126 1131 4170 a
1158 4104 1322 4193 ciqesiruo
1347 4123 1438 4170 arene
1458 4113 1491 4167 et

170 4235 294 4301 cupra,
313 4234 427 4278 nnirtcs
454 4210 517 4300 qui
534 4222 697 4300 poteraut
719 4209 767 4275 ad
793 4209 882 4276 bella
903 4209 1085 4300 procedere
1110 4237 1144 4290 u,
1171 4233 1202 4274 v.
1231 4215 1273 4275 33
1298 4237 1314 4272 a
1339 4206 1490 4298 quadra-

170 4318 271 4406 qinta
291 4316 406 4382 millia
430 4318 612 4406 quinqenti
636 4344 666 4382 n.
696 4339 730 4384 v.
757 4322 797 4382 et
826 4345 841 4378 c
871 4319 978 4383 Porro
996 4315 1152 4406 fitiorum
1173 4319 1331 4382 Manasse
1352 4339 1414 4405 per
1431 4337 1489 4404 qe·

170 4423 369 4504 uerctiouee
385 4435 417 4488 et
437 4421 594 4510 familiar
613 4446 653 4490 ac
672 4422 788 4489 denras
808 4423 1053 4511 coquatiouum
1074 4445 1216 4489 srcarruu
1237 4421 1396 4488 recensiti
1409 4432 1490 4488 sunt

168 4553 230 4621 per
248 4531 391 4596 rionu'na
409 4528 626 4616 sinqulorum
651 4553 672 4596 a
694 4529 824 4618 viqinti
840 4531 941 4596 annis
965 4541 998 4595 et
1020 4551 1143 4618 srqrra,
1174 4551 1289 4596 omnes
1313 4528 1375 4618 qui
1391 4540 1490 4618 potc-

171 4648 250 4704 runt
272 4636 319 4703 ad
340 4636 428 4702 brida
450 4635 628 4716 procedere
659 4663 694 4718 u,
719 4659 753 4703 v.
779 4641 821 4704 35
846 4662 862 4698 u
891 4635 1039 4724 triqinta
1065 4633 1134 4701 drm
1158 4635 1271 4702 millia
1297 4633 1436 4701 ducenti
1456 4661 1486 4700 r.

172 4767 205 4809 v.
229 4750 271 4811 36
298 4771 313 4805 a
337 4747 385 4809 De
408 4740 492 4831 filiis
510 4741 692 4808 Beniamin
715 4764 778 4830 per
799 4742 1036 4832 qencrationes
1060 4753 1094 4808 et
1122 4742 1282 4830 [ancilias
1307 4765 1347 4808 ae
1372 4739 1489 4806 domos

172 4850 418 4940 eoqnaticnum
449 4871 591 4917 stramem
624 4847 782 4916 recensiti
812 4862 891 4916 sunt
923 4847 1120 4917 nominibus
1151 4849 1366 4938 sinqulorum
1393 4869 1414 4914 a
1442 4846 1491 4911 oi-
