3572 5396
723 467 798 512 uuit.
823 453 895 522 izi
917 469 962 520 so.
1465 455 1504 514 99

181 599 293 665 tulisse
310 598 408 666 nimii
428 599 462 665 iu
488 621 628 666 uxorem
654 602 805 668 allectus.
831 607 939 679 eram
960 601 1154 670 inconsulto
1173 603 1314 669 Domino
1331 623 1446 670 secum
1465 603 1500 668 in

179 710 373 796 Aegyptum
395 704 565 773 adducere
589 707 699 774 iuerat
724 715 867 775 conatus
884 709 954 798 (Ex.
983 712 1080 790 i,t0;
1106 709 1149 776 ol.
1170 712 1259 775 ciii
1275 734 1308 799 p.
1325 717 1367 776 so
1390 712 1500 799 sqq.);

179 813 319 878 tortasse
340 812 609 901 imprudentiuS,
635 814 778 881 Domino
795 815 879 880 item
898 837 971 882 non
986 815 1159 899 consulte,
1184 815 1365 888 Mobabum
1388 819 1499 904 (Num.

181 925 280 1000 tuso
300 921 390 1009 sqq.)
416 941 493 986 cum
516 919 586 987 suis
604 920 795 988 Madianitis
814 922 879 988 sibi
904 921 1094 988 adsciverat
1111 921 1225 1011 eisque
1244 922 1341 988 sedes
1355 922 1501 988 in'terra

177 1025 345 1114 promissa
360 1032 478 1115 paetus
492 1033 578 1094 erat.

223 1132 333 1220 lgiiur
346 1155 378 1198 v.
399 1140 414 1198 1
432 1139 515 1199 nota
534 1135 679 1200 sormam
699 1134 822 1223 prioris
841 1133 939 1200 verbi
960 1135 1164 1201 femininam
1186 1123 1301 1202 toenia
1321 1147 1388 1218 est,
1407 1134 1504 1202 euius

176 1261 224 1306 sc.
241 1238 459 1326 cogitationis
472 1240 575 1306 Maria
595 1240 699 1307 luerit
717 1245 834 1307 auctor
859 1239 986 1330 (Caii,
1003 1241 1089 1308 sieut
1103 1239 1179 1331 ipsa
1190 1242 1285 1321 item,
1302 1263 1373 1307 non
1389 1245 1501 1308 Aaron

177 1367 325 1435 poenam
345 1345 422 1412 tulit
450 1346 567 1436 (Est).
590 1346 737 1413 Verbum
761 1351 876 1414 autem
904 1345 1067 1414 dixerunt
1091 1352 1143 1412 est
1158 1347 1250 1436 plur.
1272 1368 1390 1427 masc,
1408 1347 1503 1437 quod

177 1458 291 1519 Aaron
312 1453 385 1522 siue
405 1452 518 1519 dubio*
529 1475 592 1543 pro
610 1475 645 1520 se
660 1459 693 1520 et
707 1475 822 1520 sorore
838 1454 970 1520 locrrtus
991 1453 1050 1534 sit,
1076 1455 1122 1520 uti
1138 1453 1242 1520 etiam
1257 1453 1414 1519 divinum
1430 1476 1462 1520 v.
1481 1461 1500 1521 t

177 1580 378 1648 responsum
398 1558 539 1628 adeum
558 1566 637 1626 ante
657 1560 794 1626 Mariam
809 1559 985 1646 dirigitur.
1006 1561 1119 1626 Prima
1142 1559 1244 1627 Maria
1257 1581 1361 1647 aegre
1377 1558 1502 1626 tulerat

175 1665 265 1731 illud
282 1665 372 1745 Quia
391 1687 533 1734 tenorem
551 1665 744 1732 Cuscltitnm
766 1665 884 1752 (trinit,
903 1667 1152 1753 cogitationem
1167 1683 1247 1732 cum
1261 1671 1394 1732 Aarone
1411 1687 1503 1732 com·

176 1771 428 1860 munieaverat‚
451 1793 525 1840 rem
551 1772 692 1839 tortasse
715 1794 792 1838 eum
816 1777 925 1860 Moyse
948 1773 1054 1839 fratre
1074 1773 1176 1838 ambo
1191 1771 1386 1853 contulere,
1404 1769 1501 1837 nullo

175 1882 293 1944 secuto
319 1879 457 1956 ellectu3
492 1879 573 1946 hinc
597 1879 641 1946 ad
672 1877 767 1946 aliud
794 1878 977 1945 eonsilium
1006 1879 1221 1946 dilabuntur.
1252 1883 1319 1945 Cur
1350 1879 1502 1966 primum

175 1987 267 2050 inter
280 2006 401 2052 omnes
419 1985 588 2052 Hebraeos
607 1985 721 2052 locum
745 2006 833 2051 unus
855 1989 981 2072 Moyses
1001 1984 1177 2051 obtineat?
1195 1989 1261 2051 Cur
1277 1984 1429 2050 familiae
1442 1985 1503 2049 ho·

176 2113 242 2156 nor
265 2091 318 2156 illi
343 2091 405 2158 soli
428 2091 609 2158 credatur?
631 2092 802 2182 Propheta
824 2096 902 2159 est:
927 2082 1116 2180 prophetae
1143 2096 1221 2156 sunt
1246 2090 1328 2157 item
1353 2091 1454 2157 Maria
1469 2096 1503 2156 et

175 2203 302 2263 Aaron.
329 2196 457 2265 Habeat
476 2198 542 2264 sibi
565 2198 759 2266 Cuschitam
783 2219 942 2279 uxorem,
968 2197 1028 2263 sed
1053 2197 1242 2286 primatum
1262 2195 1395 2262 dividat
1423 2217 1500 2262 cum

175 2305 279 2370 Maria
297 2310 330 2370 et
344 2309 478 2370 Acrone
496 2326 621 2392 eosque
639 2310 801 2391 agnoscat
821 2302 994 2392 aequales.
1019 2330 1034 2363 «
1053 2305 1146 2369 Num
1156 2325 1222 2391 per
1236 2301 1347 2367 solunt
1360 2303 1502 2390 Moysen

176 2410 310 2476 lectites
335 2423 383 2477 est
406 2411 594 2477 Dominus?
613 2432 726 2476 nonne
749 2421 781 2476 et
801 2411 897 2476 nodis
919 2408 1082 2474 similiter
1110 2420 1159 2474 est
1182 2406 1335 2474 locutus?
1359 2435 1375 2468 a
1401 2407 1502 2474 Maria

174 2518 244 2584 iam
261 2522 315 2583 Mu.
340 2523 440 2595 1520
460 2523 603 2584 vocatur
621 2515 852 2607 prophetissa3
879 2525 993 2582 Aaron
1020 2517 1089 2604 (Ex.
1113 2516 1229 2602 2830)
1252 2513 1410 2600 gestabat
1424 2535 1502 2580 ora-

176 2625 292 2693 culum
313 2625 405 2690 Urim
421 2630 453 2690 et
468 2623 678 2705 Thummim‚
697 2622 907 2713 quandoque
929 2627 1034 2689 Deum
1060 2620 1126 2687 sibi
1143 2620 1342 2687 immediate
1358 2620 1502 2708 loquen-

101 2727 105 2734 ’
176 2737 244 2798 tem
275 2730 438 2798 audiebat
471 2733 561 2819 (Lev.
596 2730 705 2813 10,8)‚
734 2728 865 2819 pluries
892 2730 1036 2795 fortasse
1062 2726 1235 2809 audierat,
1265 2727 1348 2794 dum
1374 2731 1501 2814 Moyses

175 2859 254 2904 cum
280 2843 346 2904 lieo
370 2837 571 2904 versabatur
593 2837 630 2902 in
658 2843 771 2902 monte
798 2835 867 2924 (Ex.
891 2835 1022 2924 itali).
1047 2832 1182 2901 Occasio
1206 2833 1323 2923 aliqua
1341 2834 1500 2922 querelae

176 2967 247 3011 esse
258 2944 370 3034 potuit
383 2945 555 3010 charisma
565 2942 765 3032 prophetiae.
780 2947 878 3009 Num.
895 2948 932 3006 11
946 2939 1169 3030 septuaginta
1178 2939 1261 3005 viris
1274 2960 1474 3005 concessum
1491 2959 1497 3004 :

175 3050 351 3117 noluerint
367 3052 466 3116 Maria
482 3054 515 3115 et
535 3054 645 3116 Aaron
664 3047 765 3114 novis
777 3047 870 3114 hisee
890 3045 1070 3136 prophetis
1087 3045 1183 3130 vulgi
1200 3044 1363 3133 opinione
1383 3043 1501 3132 aequi-

177 3160 308 3246 parari,
327 3157 483 3224 altiorem
499 3155 564 3222 sibi
577 3161 679 3245 atque
696 3155 844 3221 eundem
860 3175 937 3220 cum
953 3159 1059 3238 Moyse
1071 3150 1217 3237 gradum
1235 3149 1497 3216 vindicaverint.

179 3291 194 3324 u
227 3262 326 3344 Qttoel
355 3285 432 3329 etim
462 3261 614 3329 audisset
638 3260 805 3326 Dominus
833 3287 868 3337 a,
894 3297 939 3308 -
965 3260 1066 3324 Hebr.
1094 3256 1249 3322 absolute
1277 3278 1284 3323 :
1309 3266 1341 3321 et
1364 3253 1502 3321 audiuit

177 3371 353 3436 Dominus.
371 3377 461 3449 Quae
484 3375 602 3435 contra
621 3366 814 3457 superiores
834 3387 854 3431 a
877 3371 944 3431 [ico
959 3364 1161 3430 constitutos
1174 3362 1262 3428 fiunt
1276 3366 1309 3427 et
1324 3361 1498 3442 dicuntur,

176 3481 277 3557 Deus,
305 3477 409 3567 etiam
437 3480 621 3563 antequam
645 3472 807 3562 precibus
830 3493 850 3537 a
871 3468 1105 3559 superioribus
1127 3469 1315 3548 invocetur,
1345 3467 1438 3534 videt
1468 3471 1501 3534 ot

177 3582 293 3665 audit,
319 3582 399 3671 quia
426 3603 506 3648 suae
525 3581 598 3670 ipse
617 3578 775 3664 invigilat
795 3576 1002 3644 auctoritati.
1022 3598 1054 3644 v.
1078 3582 1097 3642 3
1124 3602 1139 3635 u
1157 3577 1243 3642 Erat
1257 3574 1349 3641 enim
1366 3577 1501 3662 Moyses

177 3690 230 3755 cir
254 3689 455 3756 mitissimus
483 3716 498 3749 »
524 3691 682 3752 -verte
709 3705 716 3752 :
744 3695 776 3750 et
797 3684 858 3758 cir,
876 3685 1008 3771 Moyses
1033 3679 1210 3771 depressus
1235 3693 1307 3747 erat
1333 3680 1497 3764 tiirtltutn,

176 3796 289 3885 titanis
312 3817 417 3885 qriutn
441 3807 505 3860 etc.
533 3831 576 3841 -
606 3821 621 3852 α
651 3813 752 3880 semer
777 3812 891 3856 omnes
919 3788 1092 3870 homines,
1120 3787 1182 3877 qui
1211 3789 1435 3853 niorabuntur
1464 3787 1501 3852 in

177 3914 268 3969 terret
286 3931 317 3968 u.

215 4075 291 4137 Vuip.
309 4079 405 4124 nostra
420 4072 587 4122 sententiam
603 4069 700 4121 scribit
715 4069 906 4134 parenthesin.
924 4069 1061 4117 Auctores
1076 4065 1151 4116 haud
1166 4066 1247 4128 pauci
1265 4075 1413 4122 monuero,
1429 4062 1501 4112 hanc

176 4164 346 4216 sententiam
361 4175 504 4224 nunquam
522 4161 648 4224 potuisse
664 4158 748 4208 scribi
762 4157 797 4207 ab
810 4157 872 4220 ipso
887 4156 993 4218 Moyse.
1013 4154 1067 4204 Sed
1082 4155 1145 4204 voci
1159 4159 1206 4210 π’)
1216 4151 1355 4201 immerito
1370 4150 1501 4200 tribuitur

176 4251 345 4316 significatio
360 4251 442 4301 initis.
460 4249 550 4308 Quam
563 4249 684 4311 explicat
704 4247 745 4295 Ps.
760 4247 816 4296 ion.
835 4259 843 4294 :
862 4261 873 4293 t
888 4257 980 4307 neque
1000 4243 1115 4293 curabat
1136 4251 1294 4290 sermonem
1309 4250 1406 4288 eorum
1425 4251 1456 4298 »,·
1472 4241 1500 4288 at

176 4353 334 4392 sermonem
351 4353 376 4388 v.
394 4339 477 4388 tnon
491 4351 588 4388 curare
603 4349 660 4386 non
672 4337 732 4385 crat
747 4332 984 4391 mansuetudinis,
1002 4331 1051 4381 sed
1063 4328 1303 4405 pusillanimitatis
1315 4329 1342 4377 et
1357 4329 1498 4391 segnitiei.

177 4431 306 4481 Gratuito
318 4431 385 4479 item
401 4428 488 4490 Moysi
502 4425 625 4489 affigitur
642 4425 744 4475 eximia
767 4423 816 4472 illa
835 4420 1021 4471 mansuetudo
1038 4433 1044 4468 :
1059 4419 1094 4468 ci.
1108 4418 1159 4467 Ex.
1175 4417 1222 4476 31;
1240 4417 1324 4466 Num.
1345 4417 1423 4477 tt,10
1436 4430 1498 4480 sqq.

176 4525 222 4578 iit}
236 4517 280 4585 tei.
292 4520 325 4568 i.
339 4516 454 4582 Matisa:
476 4521 521 4590 ist·
540 4514 598 4566 und
616 4519 663 4571 iiii
681 4515 710 4562 in
726 4513 781 4562 den
797 4511 941 4570 psalmon,
959 4507 1113 4570 thtingen
1135 4504 1213 4570 1892)
1227 4505 1357 4569 designat
1377 4506 1500 4569 aliquem

177 4631 202 4667 se
217 4619 396 4667 demittentem
405 4627 412 4673 ;
428 4581 557 4675 designat
576 4581 637 4662 nori
646 4581 867 4674 vpermanentem
884 4607 1088 4665 conditionem,
1105 4604 1154 4654 sed
1169 4603 1313 4666 singulare
1333 4603 1447 4653 iactum.
1465 4603 1499 4650 At

178 4718 271 4757 eoram
291 4718 347 4769 quo
364 4709 424 4755 erat
444 4703 554 4765 Moyses
572 4715 598 4750 se
625 4699 785 4750 dernittens‘t
798 4701 890 4748 utrum
908 4707 1002 4746 coram
1019 4693 1139 4744 Domino
1160 4692 1333 4752 humilitate,
1348 4705 1384 4740 an
1406 4703 1499 4740 coram

177 4796 281 4860 populo
301 4791 475 4844 abiectione?
488 4791 613 4850 Quorum
632 4789 656 4839 si
680 4787 793 4852 aliquod
814 4785 961 4836 Hebraeus
982 4784 1139 4846 exprimere
1160 4781 1286 4841 volebat,
1304 4793 1360 4830 non
1385 4779 1501 4830 deerant

178 4885 252 4934 modi
274 4880 450 4946 exprimendi
472 4880 559 4930 multo
581 4877 764 4941 simpliciores
784 4877 812 4926 et
834 4875 977 4925 clariores.
1001 4897 1037 4909 -
1059 4871 1122 4920 iteri
1144 4875 1205 4928 tuit
1224 4881 1308 4919 sensu
1332 4872 1417 4919 carot.
1444 4867 1500 4918 Sed
