3522 5410
706 441 781 484 uun.
804 425 874 496 9,2t
899 439 966 491 seo·
1056 497 1058 502 ,
1456 429 1493 486 73

215 598 247 642 v.
265 581 304 643 21
335 602 350 636 α
376 573 416 642 Si
437 601 453 635 u
471 574 610 664 quando
633 601 650 633 ι(
667 573 794 663 fuisset
812 573 917 640 nubes
930 595 951 639 a
966 593 1103 660 uespere
1122 594 1229 662 usque
1241 595 1361 656 mune,
1379 586 1411 641 ct
1424 588 1456 641 st
1480 615 1494 626 -

170 681 233 748 tim
260 679 414 750 diluculo
441 679 699 747 tubernaculum
725 679 938 771 reliquisset,
964 677 1268 769 proficiscebantur
1289 693 1337 765 et,
1364 681 1494 771 sipost

170 786 262 856 diem
283 800 315 854 et
342 801 476 855 noctem
502 787 705 872 recessisset,
739 786 954 878 dissipabant
975 784 1124 852 tentoria
1152 813 1181 852 u.
1203 785 1354 855 Alteram
1378 811 1493 856 versus

168 901 304 985 partem
326 901 438 962 vertas
463 917 470 964 :
492 896 561 962 siuc
577 894 731 961 interdiu
744 894 814 961 sive
829 907 934 961 noctu
957 892 1147 960 elevaretur
1161 892 1281 974 nubes,
1297 895 1492 983 proficisce-

169 1005 306 1068 bantur.
323 1017 334 1068 t
349 1000 638 1089 significationem
661 1000 777 1068 induit
796 1014 856 1067 acet
873 1006 928 1067 Ex.
956 1006 1073 1080 mnu.
1097 1005 1155 1081 173
1184 1005 1302 1081 21,16;
1330 1006 1406 1070 Lev.
1434 1009 1489 1085 21,

171 1115 230 1190 1t3
248 1112 350 1188 2223
370 1129 421 1196 sq.
449 1128 458 1176 t
480 1129 564 1195 argo
588 1129 669 1174 vere
694 1107 730 1173 h.
753 1107 777 1172 l.
806 1107 886 1194 Syr.
916 1108 1008 1172 LXX
1019 1121 1092 1170 m...
1109 1120 1120 1170 t
1138 1111 1276 1172 vertunt
1294 1119 1397 1176 aru...
1416 1121 1488 1174 aru.

168 1213 279 1280 Nolim
294 1236 372 1280 oum
392 1215 457 1281 Kn.
479 1213 699 1303 interpretari
718 1212 811 1280 diem
829 1224 863 1280 et
883 1225 1017 1279 noctem
1036 1241 1078 1272 =
1097 1211 1271 1299 integrum
1292 1214 1399 1294 diem,
1417 1217 1490 1303 pri-

168 1341 263 1387 mum
287 1319 369 1410 quia
395 1334 471 1384 unu
488 1341 555 1386 non
581 1325 632 1386 est
652 1318 726 1386 dies
748 1318 810 1386 sed
834 1317 1009 1402 interdiu,
1039 1318 1120 1385 dein
1148 1318 1229 1408 quia
1257 1319 1489 1387 Hebraeorum

169 1426 241 1494 dies
261 1449 283 1493 a
309 1448 449 1516 vespere
472 1425 641 1515 incipiens
668 1448 738 1493 non
765 1425 944 1492 constabat
972 1424 1028 1492 die
1054 1425 1204 1492 naturali
1237 1430 1270 1492 et
1292 1430 1408 1508 nocte,
1431 1426 1489 1492 sed

167 1538 266 1600 nocte
283 1537 317 1599 ct
330 1537 492 1622 sequente
511 1532 662 1600 naturali
679 1531 748 1600 die.
764 1555 796 1599 v.
815 1539 857 1599 22
879 1560 896 1594 «
918 1532 960 1599 Si
971 1553 1048 1598 oero
1065 1531 1168 1597 biduo
1184 1545 1244 1598 urit
1262 1533 1356 1620 [uno]
1375 1555 1490 1600 meuse

168 1639 221 1706 uel
241 1639 395 1729 lanqiori
420 1651 569 1730 tempore
593 1667 609 1699 »
636 1677 680 1690 —
706 1639 869 1706 audacter
900 1643 992 1706 verte
1018 1661 1109 1706 anno
1128 1677 1173 1689 —
1198 1667 1214 1702 «
1238 1641 1364 1728 suisset
1391 1662 1491 1730 supin

166 1745 440 1826 tubernaculum,
464 1747 648 1813 marcebant
671 1746 741 1834 filii
763 1745 871 1813 lsrael
892 1744 929 1812 iu
944 1743 1062 1812 eodem
1082 1747 1154 1812 loco
1169 1757 1201 1812 et
1215 1768 1285 1812 non
1297 1747 1490 1836 proficisce-

167 1854 310 1938 bantur,·
323 1852 440 1920 statim
455 1866 586 1939 autem,
609 1865 648 1919 ut
662 1853 865 1936 recessisset,
885 1855 1066 1919 movebant
1090 1865 1203 1920 castra
1221 1883 1249 1919 u.
1276 1876 1307 1919 v.
1326 1859 1367 1920 23
1388 1881 1404 1914 α
1425 1857 1491 1920 Per

166 1961 303 2026 uerbum
333 1958 474 2025 Domini
495 1959 649 2049 fiqebcut
676 1959 842 2044 tentoria,
865 1971 898 2026 ct
917 1980 981 2049 per
1007 1960 1145 2026 verbum
1174 1958 1268 2025 illius
1293 1960 1489 2050 proficisce-

167 2066 311 2150 bantur,·
334 2078 499 2155 erantque
521 2066 558 2131 in
583 2064 735 2132 eacsrbiis
759 2065 898 2133 Domini
921 2065 1019 2131 iusta
1046 2064 1230 2156 imperium
1254 2066 1326 2133 eius
1337 2088 1405 2155 per
1417 2089 1488 2132 ma-

166 2194 247 2238 num
263 2172 379 2260 Moysi
393 2199 421 2239 u.
446 2177 571 2259 Moyses
589 2171 692 2238 nubis
707 2177 819 2238 motus
832 2172 1136 2262 interpretabatur,
1159 2173 1262 2238 tubae
1286 2179 1322 2238 ut
1346 2194 1488 2239 resona-

167 2283 244 2344 rent
263 2277 416 2344 iubebat.

504 2471 541 2520 11.
557 2471 670 2519 Tuaen
685 2471 913 2521 SAGERDO‘I'UM
927 2471 1010 2520 uuit
1027 2473 1064 2532 10,
1078 2474 1143 2518 1-10.

206 2651 288 2738 Arq.
315 2687 357 2698 —
372 2647 462 2715 Licet
481 2648 565 2715 haec
584 2648 744 2738 pericope
763 2648 1010 2716 introductioni
1030 2647 1247 2739 sequentium
1269 2647 1488 2732 adscribatur

161 2754 239 2822 ideo
267 2753 500 2845 potissimum,
527 2777 596 2844 quo
619 2755 784 2822 tubarum
812 2755 951 2822 illarum
983 2755 1021 2821 in
1048 2755 1279 2823 Hebraeorum
1305 2753 1487 2822 itineribus

163 2882 241 2928 usus
255 2860 492 2950 perspiciatur,
508 2865 625 2928 tamen
644 2861 752 2928 oratio
767 2860 934 2928 nonnihil
952 2861 1092 2948 longius
1108 2883 1292 2929 excurrens
1305 2860 1390 2929 alios
1403 2861 1486 2927 item

163 2966 331 3056 quosdam
360 2989 441 3035 usus
469 2973 636 3050 recenset,
662 2968 789 3057 quibus
810 2989 870 3034 eae
897 2975 972 3035 tum
997 2967 1100 3034 tubae
1124 2967 1384 3037 adhiberentur.
1408 2976 1486 3042 at

160 3073 260 3140 tubas
274 3072 394 3140 confici
413 3073 525 3148 iubet,
544 3096 576 3139 v.
598 3079 656 3140 3-7
673 3074 836 3140 tubarum
853 3072 958 3160 signa
974 3074 1137 3164 explicat;
1154 3074 1345 3164 simplicem
1364 3095 1484 3140 sonum

162 3193 240 3272 aps,
259 3183 293 3246 et
310 3179 491 3268 strepitum
511 3193 618 3247 autin.
637 3184 745 3246 Sonus
760 3202 849 3248 unus
867 3203 900 3248 v.
926 3185 945 3245 t
963 3187 1127 3248 convocat
1145 3180 1318 3270 principes
1337 3178 1382 3246 ad
1400 3186 1486 3265 Hoy·

161 3305 237 3364 sen;
254 3307 373 3367 sonus,
391 3286 442 3352 uti
456 3284 592 3352 videtur
606 3283 819 3372 geminatus,
835 3309 868 3354 v.
888 3293 908 3351 't
923 3291 1113 3374 congregat
1129 3287 1318 3352 ecclesiam.
1336 3291 1486 3365 Quatuor

161 3392 331 3458 trinarum
346 3391 501 3459 tribuum
516 3397 625 3458 eastra
642 3391 788 3458 totidem
801 3392 1001 3482 strepitibus
1014 3390 1058 3459 ad
1075 3392 1141 3460 iter
1153 3397 1337 3459 evocantur
1349 3415 1381 3458 v.
1399 3399 1418 3460 5
1432 3415 1482 3481 sq.

161 3497 378 3584 Clangendae
400 3497 662 3564 committuntur
675 3521 707 3564 v.
726 3503 746 3564 8
763 3496 867 3565 tubae
883 3497 1130 3566 sacerdotibus.
1146 3537 1190 3549 --
1207 3503 1386 3588 Hucusque
1400 3499 1485 3565 haec

161 3603 231 3685 lex,
254 3626 342 3693 quae
356 3608 464 3691 Hoyse
479 3626 552 3670 non
572 3602 708 3670 videtur
729 3625 800 3670 esse
817 3604 1005 3694 antiquior,
1023 3604 1117 3672 haud
1136 3605 1292 3674 imitatur
1310 3605 1484 3694 antiquio-

161 3732 237 3778 rum
260 3711 380 3797 legum
405 3709 550 3777 sormam
575 3731 582 3776 :
606 3709 690 3777 varii
713 3731 831 3778 versus
853 3710 998 3777 eandem
1019 3711 1091 3778 fere
1112 3733 1185 3778 rem
1209 3717 1394 3779 tractantes
1417 3734 1483 3777 urin

160 3823 275 3884 nmen
289 3816 409 3884 iisdem
425 3816 565 3883 vocibus
580 3815 764 3884 ordiuntur
779 3817 825 3906 (v.
844 3824 863 3882 3
880 3832 988 3909 upum
1006 3839 1039 3885 v.
1058 3823 1076 3884 t
1093 3833 1168 3892 num
1186 3842 1218 3885 v.
1236 3825 1255 3886 5
1271 3841 1320 3908 sq.
1339 3833 1482 3910 mutuum

160 3946 192 3991 v.
210 3930 230 3988 't
245 3911 403 4016 Stupum).
420 3923 530 3990 Habet
546 3944 651 4012 porro
671 3923 755 3990 haec
770 3924 823 3991 lex
842 3922 1119 3992 additamentum
1136 3925 1307 4015 quoddam
1324 3949 1355 3992 v.
1379 3934 1398 3992 9
1415 3949 1481 4013 sq„

159 4029 213 4096 vel
234 4031 455 4097 crecentiore
470 4029 587 4118 aliquo
603 4029 657 4096 vel
672 4030 717 4096 ab
734 4031 808 4120 ipso
827 4030 989 4098 nonnihil
1007 4032 1115 4099 serius
1133 4037 1241 4118 Hoyse
1260 4031 1481 4120 adscriptum,

158 4142 192 4202 et
205 4135 375 4225 incipiens
389 4159 410 4202 a
424 4158 505 4203 voce
526 4150 580 4206 tm,
597 4158 617 4202 a
632 4158 701 4225 qua
721 4136 789 4204 alia
803 4139 886 4204 item
900 4138 1003 4226 plura
1017 4139 1132 4224 legum
1147 4138 1304 4204 membra
1319 4138 1372 4203 vel
1388 4139 1484 4204 addi-

159 4247 313 4308 tamenn
328 4240 510 4310 ordiuntur
524 4243 580 4328 (cl.
597 4245 653 4310 Ex.
673 4249 788 4323 utut.
806 4250 859 4311 18.
873 4251 926 4311 20.
942 4250 996 4312 22.
1013 4251 1066 4312 26.
1083 4251 1137 4312 28.
1154 4251 1207 4310 33.
1226 4250 1283 4322 353
1300 4250 1391 4326 22,l.
1410 4252 1479 4311 5-7.

159 4351 213 4415 10.
231 4353 285 4416 u.
305 4355 346 4414 16
362 4347 455 4436 eta).
474 4353 511 4415 ln
525 4350 590 4416 boc
605 4349 713 4437 igitur
728 4349 1003 4440 deprehenditur
1017 4350 1238 4419 conformatio
1255 4351 1425 4439 quaedam
1438 4353 1481 4418 ad

158 4455 392 4544 antiquiorum
411 4453 526 4541 legum
547 4456 680 4524 stilum.
702 4457 780 4543 Agit
799 4478 880 4524 vero
898 4457 985 4524 illud
1006 4457 1280 4526 additamentum
1299 4458 1342 4524 de
1361 4481 1479 4526 aarum

158 4562 319 4630 tubarum
341 4583 401 4628 usu
421 4560 456 4626 in
477 4561 568 4627 bello
592 4567 625 4629 et
645 4563 681 4629 in
701 4563 807 4631 festis,
831 4567 895 4630 Lex
915 4564 999 4631 haec
1018 4567 1184 4653 perpetuo
1205 4563 1353 4632 valitura
1377 4571 1421 4656 (v.
1445 4565 1478 4652 8)

155 4669 201 4735 ad
218 4667 346 4735 calcem
367 4668 522 4733 munitur
536 4667 661 4734 lahvae
673 4669 791 4756 sigillo
807 4691 816 4738 τ
832 4673 906 4760 Epo
921 4669 1025 4737 labae
1040 4673 1129 4737 Deus
1144 4683 1263 4738 uester.

193 4839 288 4890 Tubae
309 4847 367 4890 tum
382 4841 450 4889 tuce
465 4838 563 4890 confici
582 4839 758 4902 iubebantur,
776 4842 843 4906 qula
861 4847 943 4893 erant
957 4841 1014 4893 duo
1032 4845 1141 4894 tantum
1160 4844 1302 4906 simplices
1318 4842 1478 4894 sacerdotes
