3528 5402
722 407 797 452 nen.
825 393 911 464 loni
937 411 1002 462 suo.
1456 399 1515 457 139

194 543 373 608 perinduetas
386 555 448 594 esse
463 543 599 594 laminas?
615 545 739 616 Debebat
756 545 824 596 illud
839 559 887 598 aes
899 545 1103 598 sanctificatum
1119 548 1202 597 alicui
1213 549 1276 598 risui
1289 561 1371 598 sacro
1386 549 1498 599 attribui
1507 565 1514 610 ;

194 637 259 697 apte
271 634 352 684 altari
365 633 568 684 attribuebatur
585 633 652 684 illud
667 647 729 694 aes,
746 635 821 698 quod
836 640 895 686 erat
910 637 968 686 veri
988 636 1136 686 sacerdotii
1157 635 1348 700 irrefragabile
1364 651 1516 700 argumen-

194 729 253 772 tum
260 736 267 784 ;
283 723 405 772 futurum
417 721 455 772 ibi
468 725 528 772 erat
541 733 640 772 revera
653 724 789 774 Hebraeis
803 726 965 775 memoriale
978 726 1153 789 perpetuum.

327 950 364 999 11.
377 950 510 1000 SEDITIO
526 950 703 1000 POSTRIDIE
718 951 901 1001 insaniatis
918 953 1003 1001 00th
1017 953 1151 1002 OBORTA
1166 953 1253 1002 NUM.
1272 956 1391 1005 lfiAl-bo.

239 1131 321 1216 Arq.
339 1167 382 1178 -
396 1129 555 1217 Sequenti
574 1129 629 1196 die
645 1134 735 1196 totns
750 1131 896 1220 populus
911 1131 947 1196 in
962 1135 1095 1218 Moysen
1111 1135 1144 1196 et
1158 1136 1273 1197 Aaron
1288 1131 1511 1212 invehuntur,

195 1235 296 1302 fuisse
316 1235 406 1324 ipsos
419 1239 575 1302 auctores
590 1235 708 1302 ruinae
720 1241 769 1303 tet
783 1237 885 1304 lahve
899 1237 1086 1318 cultorum,
1106 1241 1209 1326 atque
1226 1237 1260 1302 in
1276 1259 1332 1304 eos
1346 1237 1514 1327 impetum

193 1341 337 1408 faciunt.
353 1345 551 1431 Apparente
563 1341 675 1430 gloria
690 1342 748 1408 Dei
761 1341 882 1432 incipit
896 1349 1027 1430 strages
1038 1343 1170 1410 saevire
1186 1343 1222 1409 in
1237 1345 1377 1434 populo.
1391 1349 1516 1430 llopses

195 1469 275 1513 vero
294 1447 361 1515 lide
382 1447 519 1532 firmus,
542 1471 585 1515 ne
605 1455 796 1538 exspectato
816 1449 955 1538 quidem
975 1449 1076 1517 lahve
1096 1471 1275 1539 response,
1293 1454 1462 1517 Aaronem
1478 1451 1514 1520 in

195 1553 345 1620 medium
368 1554 536 1644 populum
559 1555 678 1641 mittit,
701 1557 762 1645 qui
781 1555 896 1622 olrlato
917 1556 1145 1644 thymiamate
1162 1561 1265 1622 Deum
1281 1556 1406 1644 placet.
1429 1561 1517 1622 fleus

192 1659 318 1747 insigni
337 1661 453 1747 Moysis
466 1667 498 1727 et
514 1663 656 1728 Aaronis
671 1661 755 1742 fide,
775 1669 813 1728 ut
829 1663 954 1752 populo
971 1669 1106 1752 pareat,
1125 1661 1312 1728 inducitur.

231 1885 241 1914 e
264 1869 363 1918 Mirum
378 1875 432 1930 est,
450 1871 490 1920 lot
504 1869 659 1920 manifestis
673 1872 741 1920 visis
755 1871 896 1920 miraculis
908 1872 984 1930 heri,
1002 1871 1154 1921 attribuere
1170 1869 1254 1920 hodie
1270 1875 1389 1920 mortem
1404 1871 1515 1920 illorum

192 1957 280 2020 llloysl
295 1961 322 2008 ct
338 1959 457 2008 Aaron»
477 1957 567 2024 (Cain.
586 1960 799 2009 Arbitrabantur
817 1973 900 2019 sane,
917 1961 1031 2010 nonnisi
1057 1961 1085 2008 in
1107 1961 1226 2021 gratiam
1247 1959 1352 2021 Moysis
1372 1958 1407 2008 ab
1427 1971 1517 2022 eoque

194 2046 373 2096 sollicitatum
398 2047 502 2097 lalrven
525 2048 587 2099 illas
609 2047 746 2097 inflixisse
769 2048 869 2110 plagas
889 2049 1020 2111 virosque
1042 2061 1094 2098 suo
1116 2048 1204 2098 cultui
1227 2049 1371 2111 ceteroqui
1391 2047 1517 2098 addictos

194 2136 378 2185 interemisse.
394 2136 553 2186 Censebant
567 2139 637 2187 llaec
652 2138 746 2186 omnla
760 2137 875 2198 Moysen
887 2149 904 2185 a
915 2137 1000 2186 lalrve
1015 2137 1179 2199 impetrare,
1192 2149 1247 2199 quo
1262 2148 1343 2186 suum
1355 2138 1383 2186 et
1397 2137 1517 2186 Aaronls

194 2225 380 2288 principatum
394 2225 530 2276 stabiliret
542 2223 628 2290 (loa).
647 2225 706 2275 Imo
729 2225 804 2276 haud
824 2227 917 2288 inepte
939 2225 996 2275 Cat.
1014 2227 1157 2288 suggerit,
1175 2225 1309 2288 populum
1322 2223 1422 2274 rudem
1440 2223 1515 2272 arbi-

195 2315 296 2363 tratum
309 2325 370 2364 esse
381 2313 494 2376 Moysen
505 2315 618 2378 magieis
628 2314 794 2377 quibusdam
805 2315 910 2364 artibus
920 2314 983 2363 illas
993 2314 1095 2380 plagas
1105 2313 1241 2363 elicuisse.
1256 2313 1297 2362 Ad
1306 2314 1411 2376 quanta
1421 2315 1516 2362 autem

193 2404 345 2465 praestigia
366 2405 492 2465 magicae
516 2409 590 2453 artes
612 2404 818 2467 pertingerent,
835 2403 942 2466 experti
966 2403 1018 2466 ipsl
1041 2401 1152 2452 fuerant
1178 2404 1207 2451 in
1231 2403 1368 2465 Aegypte.
1384 2401 1515 2451 Ceterum

192 2491 347 2554 perpende,
364 2499 470 2555 quanta
485 2493 596 2543 illorum
611 2494 640 2542 in
659 2491 773 2554 lloysen
792 2492 886 2542 debuit
906 2504 967 2541 csse
988 2490 1160 2554 indignatio,
1177 2491 1225 2554 qul
1238 2489 1372 2554 postridie
1387 2490 1517 2540 interitus

193 2579 264 2630 tiore
279 2581 417 2631 violentas
430 2581 470 2630 illi
485 2581 587 2630 inferro
604 2593 703 2630 manus
719 2583 895 2630 conarentur.

238 2769 426 2832 Paucorum
444 2762 645 2830 seditionem
665 2763 735 2830 iam
755 2763 880 2850 excipit
894 2761 1045 2828 universi
1066 2762 1187 2852 populi
1206 2761 1401 2829 commotio.
1420 2785 1450 2830 v.
1474 2769 1513 2831 tf

195 2873 204 2958 t
212 2871 300 2956 172⁶)
323 2898 338 2930 κ
363 2870 593 2936 dilaminavit
608 2883 723 2934 aretem
745 2870 854 2934 onrrris
869 2868 1056 2934 multitado
1066 2866 1221 2958 filioram
1236 2867 1347 2934 Israel
1359 2870 1518 2958 sequenti

193 2977 249 3042 die
267 2989 384 3042 contra
407 2967 546 3062 Meysen
572 2989 603 3040 et
625 2979 742 3042 Aaron
762 2975 878 3041 (licens
904 2999 915 3040 .·
937 2977 998 3042 Vos
1019 2973 1241 3062 interfecistis
1249 2973 1422 3064 populum
1448 2979 1516 3040 Ilo-

192 3082 282 3150 ntini
297 3111 326 3147 n.
342 3086 453 3149 Unum
470 3085 572 3149 lalrve
583 3087 710 3149 norunt
722 3082 778 3147 isti
790 3088 912 3161 licum,
927 3105 963 3148 sc
977 3081 1146 3171 populum
1160 3102 1231 3148 esse
1248 3081 1349 3147 lahve
1363 3080 1516 3166 glorian-

193 3197 259 3258 tur.
276 3213 307 3256 v.
327 3197 369 3258 ti
385 3191 490 3278 (tw)
512 3218 525 3250 ιι
545 3192 696 3278 Cnrnqne
713 3191 859 3274 orr'retnr
869 3188 992 3254 seditio
1010 3191 1053 3272 [et
1069 3187 1237 3253 titrrtnltns
1251 3187 1463 3270 incresceret}
1479 3215 1512 3267 a,

192 3319 224 3363 v.
251 3303 290 3364 ta
317 3327 331 3357 a
356 3297 488 3385 Moyses
509 3308 540 3361 et
562 3299 679 3360 Aaron
691 3295 864 3382 [ceperunt
886 3293 935 3358 ad
954 3291 1216 3360 tabernaculam
1232 3291 1396 3381 foederis.
1418 3293 1520 3373 Quod

186 3415 371 3492 permeant
393 3402 538 3490 inpressi
557 3413 653 3484 sant,
674 3401 808 3490 oper-int
830 3403 936 3466 nubes
957 3413 989 3465 et
1006 3399 1172 3488 apparuit
1185 3397 1302 3487 pieria
1319 3398 1460 3464 Domini
1484 3427 1513 3466 n.

192 3509 259 3576 Sed
275 3509 375 3576 aliter
390 3511 492 3575 Hebr.
513 3529 525 3573 .·
538 3511 582 3575 El
589 3509 722 3596 sactrnn
738 3521 802 3592 est,
819 3530 896 3574 crem
909 3519 1182 3595 coriqreparetar
1194 3517 1380 3572 eoreeentus
1396 3517 1516 3572 contra

193 3619 333 3705 rtfepsen
347 3628 379 3681 et
398 3617 511 3682 Aaron
521 3667 532 3696 ,
544 3625 782 3681 correerternnt
795 3637 829 3680 se
844 3613 891 3679 ad
904 3612 1164 3678 tabernaculum
1178 3611 1378 3696 testimonii,
1398 3625 1428 3679 et
1442 3635 1517 3679 eece

193 3721 327 3810 apernit
341 3720 430 3788 illud
442 3723 545 3788 irrides
560 3733 592 3788 et
606 3720 769 3811 apparuit
780 3719 895 3809 pluria
910 3723 993 3786 Doni
1000 3719 1062 3784 ini.
1083 3719 1189 3806 (lid)
1206 3721 1250 3784 ln
1271 3719 1404 3786 ieer‘ernt
1417 3723 1515 3806 Mop-

192 3851 243 3891 ses
260 3841 293 3894 rt
308 3833 424 3895 Aaron
439 3839 518 3895 ante
532 3827 788 3894 tabernaculum
809 3825 1006 3894 testinronii.
1025 3830 1093 3892 lam
1113 3825 1304 3891 subiectum
1322 3825 1418 3892 verbi
1434 3848 1515 3891 eon-

196 3947 364 4001 rerterunt
384 3957 419 4000 se
455 3933 553 4022 t'alp.
585 3933 751 4000 adstruxit
770 3938 902 4021 lloysen
926 3939 960 3999 cl
985 3937 1097 3998 Aaron
1130 3933 1345 4020 :strpernnn
1377 3929 1435 3995 sed
1455 3945 1515 3996 arb

194 4062 373 4131 nunquam
392 4041 435 4108 ad
452 4039 609 4127 fugiendi
621 4039 907 4127 significationem
921 4038 1087 4120 deflectit;
1105 4042 1138 4104 et
1158 4037 1187 4103 si
1206 4037 1258 4102 illi
1275 4033 1456 4121 fugiebant
1471 4035 1517 4101 ad

195 4147 468 4226 tabernaculum,
489 4146 663 4236 quomodo
684 4147 778 4214 illico
794 4145 950 4212 indidem
970 4143 1162 4234 procedunt
1181 4155 1262 4209 arete
1279 4141 1332 4206 vel
1348 4153 1448 4207 entra
1464 4147 1517 4208 ta·

194 4253 441 4321 bernaeulum?
465 4258 553 4339 Ergo
578 4253 700 4320 melius
723 4275 799 4319 cum
826 4251 900 4318 Cei.
927 4251 1116 4318 suliiectum
1144 4249 1252 4314 retine
1276 4261 1481 4313 reticentem
1505 4269 1518 4312 .·

194 4360 428 4427 coniuratione
448 4362 538 4426 facta
558 4387 574 4421 «
597 4359 742 4426 ruebant
764 4387 779 4420 n
802 4357 937 4446 (liele.)
961 4379 1077 4424 versus
1096 4353 1378 4434 tabernaculum,
1396 4353 1430 4420 in
1447 4377 1517 4444 quo

193 4471 317 4555 lfopses
332 4473 365 4534 et
380 4471 492 4533 Aaron
513 4466 752 4534 versabantur:
773 4466 807 4530 in
827 4485 974 4553 querum
997 4461 1099 4529 simul
1115 4460 1352 4528 defensionem
1368 4483 1515 4550 appare·

194 4575 254 4640 bat
268 4573 378 4660 gloria
393 4571 538 4639 Domini.
557 4571 858 4638 tumultuantibus
872 4569 1010 4636 obviam
1027 4567 1199 4658 progressi
1216 4572 1342 4655 lloyses
1358 4575 1391 4633 et
1403 4571 1516 4632 Aaron

194 4702 233 4747 er
258 4680 419 4747 interiore
447 4677 670 4745 tabernaculo
691 4677 848 4766 prodiere
873 4678 909 4743 in
937 4675 1092 4743 velante
1117 4673 1256 4742 atrium.
1281 4697 1312 4740 v.
1343 4681 1384 4740 tt
1407 4673 1415 4738 t
1423 4671 1515 4760 lae)

198 4815 213 4846 e
242 4786 403 4875 Diritqae
418 4784 584 4850 Ilorrrinns
600 4783 649 4850 ad
666 4787 804 4870 Moysen
821 4812 835 4844 n
860 4807 867 4851 :
886 4805 917 4851 v.
939 4787 980 4848 lb
997 4781 1126 4870 (fido)
1146 4809 1160 4842 e
1181 4779 1336 4849 Recedite
1351 4777 1392 4846 de
1405 4776 1516 4846 medio
