3572 5396
694 439 784 484 cuins
806 439 843 484 nr
864 439 1016 484 srnnsrn.
1458 421 1516 485 189
1608 423 1609 426 ’
1682 411 1767 512 ,ῥέξ’

196 570 316 640 studiis
329 577 431 662 atque
444 527 629 662 perutilem
641 573 821 641 materiam
835 555 1034 663 suppetunt.
1052 576 1115 638 Hes
1125 571 1194 638 iam
1206 571 1440 662 explanandas
1454 595 1517 660 ag·

198 677 389 765 gredimur.

466 898 496 960 1.
526 891 735 982 Genealopia
760 891 914 982 lipliratlr
943 898 958 958 1
982 893 1243 976 Ραν.8,18-21.

241 1118 324 1204 Ary.
347 1153 391 1164 -
413 1119 542 1182 Mortua
563 1117 679 1206 priore
699 1137 804 1182 uxore
823 1114 939 1182 Azuba
961 1113 1064 1182 caleb
1081 1135 1219 1182 uxorem
1239 1113 1334 1181 ducit
1351 1115 1512 1204 Ephrath

198 1225 439 1290 Manassaeam.
458 1225 565 1298 Quam
582 1221 698 1288 Calebi
721 1229 822 1312 pater
836 1226 962 1288 Hesron
975 1242 1072 1288 suam
1092 1221 1189 1302 facit,
1209 1225 1246 1286 ut
1266 1242 1305 1288 ex
1322 1243 1363 1288 ea
1384 1220 1515 1304 Esrieli,

197 1328 429 1418 primogenito
452 1331 599 1394 Manasse
625 1332 683 1394 Ex.
710 1334 753 1394 32
772 1329 996 1417 interempto,
1018 1328 1256 1416 posteritatem
1276 1327 1425 1395 suscitet.
1451 1333 1516 1395 De-

198 1437 314 1503 functo
333 1439 478 1501 Hesrone
495 1436 619 1524 recipit
632 1434 843 1525 Ephratham
866 1434 978 1502 Caleb.

237 1660 266 1700 v.
284 1643 323 1702 18
340 1638 431 1701 Cetei
447 1638 534 1720 fitius
552 1637 673 1699 Hesroa
692 1641 807 1721 accepit
827 1659 951 1700 uxorem
966 1638 1103 1699 Anubem
1116 1637 1216 1719 filiam
1232 1637 1366 1718 Ieriotlz‚·
1381 1639 1467 1700 cuins
1483 1639 1514 1699 lei

195 1738 284 1817 suere
296 1736 356 1817 (ilii
373 1757 383 1797 :
399 1735 498 1813 laser,
517 1736 634 1812 Sobel,
648 1736 767 1798 Ardor.
1398 1807 1406 1820 .

234 1855 264 1894 r.
286 1837 322 1894 19
336 1835 462 1895 Mortua
478 1833 585 1894 Asela
604 1832 697 1896 Celet
713 1834 830 1915 accepit
845 1853 970 1895 errorem
983 1833 1147 1916 ls'pltrutlz,
1164 1853 1242 1915 quae
1254 1835 1374 1916 peperit
1387 1835 1414 1896 ei
1428 1833 1518 1912 Hur;

196 1952 226 1992 v.
242 1931 489 2012 subterposuit
509 1931 580 2008 Uri,
601 1930 656 1994 Uri
670 1931 778 2013 pendit
792 1931 938 1992 Beseteel.

235 2049 264 2089 r.
282 2032 318 2092 81
335 2029 412 2090 Post
427 2029 500 2090 laec
513 2029 669 2110 inpressas
684 2036 727 2089 est
740 2027 861 2090 Herron
877 2028 918 2090 ud
934 2027 1036 2110 filiam
1049 2028 1171 2090 Mnelir
1181 2030 1284 2112 patris
1306 2029 1444 2110 Gatand;
1456 2031 1522 2112 ipse

196 2127 313 2208 accepit
330 2147 411 2202 earn,
427 2145 496 2186 cum
510 2134 586 2188 esset
601 2127 842 2208 sesnpenar·ius;
855 2147 934 2208 qnae
949 2126 1070 2208 peperit
1083 2127 1110 2185 ei
1124 2125 1238 2207 Sepub.
1256 2147 1286 2188 v.
1302 2131 1342 2188 22
1356 2127 1456 2208 Sepub
1471 2149 1520 2208 pe-

195 2225 266 2284 nui!
282 2224 347 2284 loir
362 2231 391 2282 et
405 2223 542 2305 possedit
556 2223 667 2304 nipinti
683 2230 744 2284 tres
758 2224 898 2285 ciuitates
910 2225 943 2284 iu
958 2233 1039 2284 terra
1057 2221 1199 2284 Guluud:

234 2341 263 2382 v.
278 2325 317 2384 23
333 2320 534 2403 Sumpritque
551 2319 663 2382 Gessur
677 2329 704 2380 et
719 2321 825 2396 Arum,

334 2417 472 2481 Clevotlr
488 2418 556 2479 [air
570 2418 607 2479 ab
619 2405 713 2500 ipsis,

335 2514 456 2578 Cunetlr
470 2525 500 2576 et
515 2515 633 2576 viculos
648 2516 712 2576 eius
728 2551 767 2562 -

193 2614 353 2694 serapium
371 2613 520 2674 civitates.
537 2613 647 2674 Omnes
663 2613 715 2674 isti
729 2612 790 2694 filii
806 2613 927 2674 illuclrir
938 2614 1042 2694 patris
1059 2612 1192 2677 Galaad.

231 2730 261 2772 v.
276 2715 315 2772 24
330 2710 499 2794 Postquam
516 2731 585 2772 vero
600 2720 741 2774 mortuas
756 2719 800 2772 est
812 2710 949 2790 Horren,
963 2712 1117 2793 inpressos
1130 2721 1174 2772 ert
1188 2711 1281 2774 Celet
1296 2711 1338 2773 ad
1352 2713 1511 2795 Epdratlr,

192 2809 263 2870 liner
279 2809 385 2888 suerat
401 2830 479 2870 uror
493 2808 615 2871 Heeron
625 2810 728 2891 patris
743 2810 818 2870 eins.
836 2807 920 2884 Quae
932 2811 1054 2891 peperit
1069 2811 1097 2872 ei
1108 2811 1213 2871 Ashur
1222 2819 1344 2892 patrem
1362 2809 1509 2873 Plecuoe.

236 3023 380 3109 Singula
401 3022 471 3090 iam
488 3021 699 3090 discutimus.
720 3047 751 3088 v.
784 3029 824 3090 18
854 3053 869 3082 «
899 3023 1000 3091 Celet
1021 3045 1099 3090 cero
1116 3023 1210 3106 fitius
1232 3027 1365 3090 Hesrore
1382 3027 1514 3115 aceepit

190 3151 331 3196 risorem
349 3129 509 3218 [nomine]
525 3131 693 3196 Acerba».
711 3134 793 3196 Cum
802 3129 1011 3219 praecedens
1024 3129 1226 3218 genealogia
1238 3133 1322 3197 Ram
1335 3152 1367 3197 r.
1384 3137 1423 3197 10
1435 3154 1509 3222 sqq.

190 3239 384 3304 constanter
402 3235 506 3302 verbo
525 3223 610 3300 rim
633 3235 785 3302 virorum
807 3236 950 3303 nomina
967 3236 1122 3325 copulet,
1140 3236 1233 3303 haud
1249 3242 1300 3302 est
1315 3236 1512 3304 mirandum

190 3341 288 3410 initio
303 3365 335 3409 v.
355 3348 395 3410 18
411 3341 504 3409 idem
520 3341 664 3408 verbum
679 3342 871 3431 irrepsisse,
887 3342 1067 3410 obscurato
1088 3342 1183 3432 qnod
1195 3343 1291 3432 prius
1304 3342 1354 3409 ibi
1368 3343 1510 3431 legeba-

190 3453 246 3515 tur
272 3447 432 3538 quodque
456 3450 548 3516 LXX
573 3448 674 3537 Viilp.
699 3469 963 3538 praeservavere
988 3447 1094 3515 verbo
1115 3438 1194 3542 τιμὴ
1223 3455 1387 3516 consonat
1406 3472 1438 3516 v.
1470 3457 1510 3518 19
1605 3465 1606 3468 ’
1716 3521 1734 3540 μ

189 3577 332 3622 narrans
355 3555 516 3622 defuncta
538 3554 654 3622 Azuba
676 3555 838 3622 Calebum
859 3555 964 3622 eliam
990 3555 1122 3622 duxisse
1145 3577 1295 3622 uxorem.
1324 3561 1431 3624 Sensn
1450 3579 1509 3624 ca-

189 3667 241 3728 ret
252 3663 354 3728 Hebr.
372 3667 486 3728 noster
502 3683 509 3730 :
526 3661 810 3750 penuitAzubam
825 3661 1024 3746 mulierem
1038 3699 1082 3711 -
1095 3660 1279 3730 dicendum
1295 3669 1367 3730 erat
1377 3662 1502 3753 filiam.

190 3771 230 3833 Et
245 3767 329 3856 quid
345 3767 411 3834 sibi
427 3769 500 3835 vult
514 3771 659 3857 sequens
678 3783 778 3836 tumr
795 3770 877 3833 nni?
896 3767 958 3835 Ubi
977 3768 1129 3854 gratuito
1144 3768 1280 3859 supplet
1306 3770 1401 3859 Verlp.
1420 3798 1436 3832 n
1455 3769 1510 3859 [de
1582 3823 1587 3834 .

190 3897 259 3964 pue
277 3874 409 3963 perurit]
429 3873 554 3941 leriotlr
578 3903 607 3940 n.
626 3875 702 3952 Quis
716 3897 797 3941 vero
820 3873 970 3940 leriotlr?
991 3874 1087 3941 virne
1109 3897 1153 3941 sn
1175 3875 1320 3942 mulier?
1336 3876 1508 3944 Mulierem

188 4002 351 4048 censuere
374 3983 465 4048 LXX
482 3979 669 4071 suadetque
686 3981 846 4048 suffixum
861 3981 899 4048 in
914 3997 997 4045 nis:-
1014 3983 1168 4048 Ceternm
1184 3981 1228 4048 de
1245 3981 1348 4048 unica
1361 3981 1418 4068 agi
1434 4003 1510 4048 mn-

190 4086 288 4168 liere,
307 4109 378 4154 non
398 4087 440 4153 de
460 4085 610 4169 duabus,
633 4087 699 4154 hoc
720 4088 833 4177 ipsum
852 4086 1014 4154 suffixum
1029 4085 1188 4175 suggerii
1203 4093 1237 4153 et
1251 4092 1426 4154 contextus
1440 4089 1510 4154 cla·
1564 4097 1567 4102 '

190 4197 272 4258 mat.
291 4197 379 4280 Ergo
399 4215 463 4282 pro
478 4209 537 4258 nsi
553 4193 688 4280 corrige
704 4210 769 4262 m:
788 4193 890 4262 Caleb
916 4193 1046 4283 accepit
1069 4213 1208 4260 uxorem
1230 4192 1382 4260 Azubam
1396 4192 1509 4284 filiam

190 4296 328 4368 leriotl.
351 4314 370 4367 r
396 4304 429 4366 et
445 4315 470 4362 n
485 4299 604 4368 literae
625 4299 815 4389 antiquitus
836 4299 1059 4367 simillimae:
1082 4322 1166 4388 ergo
1190 4299 1330 4366 fortasse
1351 4315 1451 4368 uisu*
1467 4333 1509 4359 =

189 4420 295 4470 ninius
314 4409 405 4484 811.
426 4405 488 4482 Qui
513 4407 674 4474 lerimoth
690 4406 918 4474 Beniaminita
938 4407 985 4498 (v.
1007 4429 1042 4496 p.
1063 4406 1139 4496 187)
1162 4405 1290 4472 exstitit
1312 4407 1423 4474 Calebi
1448 4430 1508 4475 ae-

189 4510 319 4601 qualis,
345 4534 422 4578 cnm
447 4511 549 4580 ambo
574 4519 716 4603 quartae
735 4512 863 4581 luerint
888 4512 1121 4600 generationis
1145 4511 1222 4580 viri.
1248 4515 1297 4579 En
1318 4511 1381 4579 tibi
1400 4513 1506 4600 igitur

189 4618 395 4686 sententiam
419 4620 560 4688 omnino
583 4620 725 4709 planam
754 4641 762 4686 ε
788 4618 991 4687 describitur
1014 4618 1107 4708 prior
1131 4617 1246 4687 Calehi
1266 4641 1350 4686 uror
1368 4618 1502 4703 leuba,

190 4747 294 4816 quam
320 4747 353 4794 v.
384 4731 424 4792 19
451 4725 574 4815 excipit
595 4726 703 4793 altera
725 4725 894 4815 Ephrem,
920 4724 1002 4792 dum
1022 4748 1056 4792 v.
1081 4731 1122 4792 to
1149 4721 1254 4792 habes
1278 4724 1502 4794 concubinam

190 4853 293 4900 unam
321 4832 427 4922 Ephe,
454 4855 487 4900 r.
520 4839 563 4901 ts
589 4831 817 4900 concubinam
843 4832 987 4899 alteram
1008 4832 1155 4899 ttaacha.
1187 4836 1341 4900 Ceterum
1365 4834 1504 4902 Azuhae
