3528 5402
227 369 284 430 tae
725 388 762 432 uu
784 387 867 432 siuti
888 389 920 432 ru
943 388 1046 432 caoss.

225 519 416 586 ribulorum
436 541 506 586 non
530 520 634 586 fuisse
654 520 821 599 alienum,
840 522 952 610 qualis
972 523 1084 587 fuerat
1104 519 1196 605 iguis
1215 523 1290 584 hev.
1316 525 1405 600 10‚1,
1428 541 1550 585 mone-

225 626 346 692 bamus
369 647 472 715 supra
498 647 529 692 v.
554 633 586 691 7.
604 627 717 693 lierito
740 627 912 694 versiones
931 627 1069 696 ultimas
1095 649 1126 693 r.
1151 633 1192 691 37
1212 647 1311 691 voces
1331 624 1481 712 iungunt
1499 647 1550 691 se-

224 732 409 820 quentibus
444 756 451 800 :
487 732 650 822 quoniam
689 733 905 822 sanctificato
945 745 1025 800 ..s-unt
1065 731 1241 810 thuribulo
1275 729 1548 820 delinquentiam

224 838 364 904 cotosmor
388 841 529 927 (puncta
552 839 774 929 participium
797 861 860 929 pro
879 839 1105 926 substantivo)
1128 837 1354 904 contractius
1374 859 1546 918 strasseu,

224 952 261 1010 ut
286 944 404 1011 Chald.
433 945 578 1034 explicat
599 965 605 1012 :
628 945 905 1036 delinquentium
931 946 1091 1029 istorum,
1109 945 1171 1035 qui
1197 945 1416 1032 deliquerunt
1431 957 1548 1010 contro

223 1051 311 1118 citos
325 1073 414 1138 suos,
438 1053 498 1141 qui
514 1052 557 1119 ob
571 1051 793 1120 rebellionem
809 1054 993 1120 exanimati
1009 1057 1088 1119 suni
1102 1053 1184 1138 igne
1204 1050 1369 1120 divinitus
1381 1051 1545 1117 immisso.

225 1157 390 1224 i'identur
421 1158 560 1249 quidem
579 1158 678 1225 initio
696 1182 729 1225 v.
761 1165 804 1226 38
824 1159 922 1248 Vulp.
946 1162 1038 1225 LXX
1062 1159 1242 1245 ignorasse
1262 1179 1379 1223 vocem
1396 1173 1458 1229 nrt,
1481 1179 1549 1246 qua

224 1270 356 1331 retenta
388 1287 465 1334 cum
500 1265 609 1332 Color.
640 1271 751 1332 vertes
781 1287 789 1334 ε
816 1265 900 1356 quio
933 1265 1192 1353 sorcetificottmt
1230 1262 1406 1329 thuribula
1438 1262 1547 1330 deliu-

225 1385 364 1460 qttcntrs
395 1369 453 1436 isti
476 1371 511 1437 iu
542 1371 620 1437 citis
644 1371 725 1438 suis
757 1371 984 1462 Sanctificate
1011 1376 1110 1439 erant
1129 1370 1307 1437 thuribula
1332 1368 1391 1436 illa
1414 1369 1545 1457 primo,

227 1505 242 1538 κ
269 1478 362 1568 quod
392 1479 427 1544 iu
453 1478 500 1543 eis
525 1478 701 1545 incensum
722 1485 773 1544 cst
800 1479 993 1567 thymiama
1008 1479 1152 1544 Domino
1177 1505 1192 1536 u
1210 1475 1337 1564 (Gaii,
1357 1476 1450 1542 cultu
1477 1497 1547 1540 uon

226 1585 365 1673 quidem
393 1583 584 1664 ordinario,
611 1583 667 1649 secl
695 1607 714 1652 a
742 1591 808 1652 Deo
840 1592 911 1652 tum
940 1584 1095 1675 explicite
1123 1583 1316 1672 approbato
1345 1605 1353 1649 :
1385 1581 1477 1670 quod
1501 1580 1547 1647 iia

226 1689 420 1757 adhibitum
434 1690 545 1756 fuerat
560 1691 666 1756 cultui
682 1690 817 1771 divino,
837 1712 907 1757 nou
923 1691 1073 1757 debehat
1087 1689 1130 1756 acl
1147 1711 1227 1755 usus
1243 1687 1356 1755 redire
1372 1689 1545 1776 profanos,

225 1795 323 1877 lieiu,
343 1796 436 1886 quod
461 1795 496 1874 in
519 1796 588 1862 illis
611 1798 827 1863 combustum
856 1805 941 1864 essct
962 1797 1154 1883 thymiama
1173 1794 1291 1884 (Tost.)
1309 1793 1426 1860 divino
1442 1794 1546 1860 cultui

225 1903 325 1968 unice
344 1908 554 1969 reservatum
575 1903 644 1990 (Ex.
673 1904 800 1992 3037).
820 1905 934 1970 Voluit
955 1909 1058 1984 Deus,
1076 1907 1114 1968 ut
1134 1901 1246 1988 magis
1260 1900 1496 1968 attenderetur
1513 1899 1547 1964 iu

226 2008 321 2074 cuius
344 2009 490 2090 cultum,
521 2031 625 2098 quam
651 2032 797 2099 quorum
825 2009 1004 2076 hominum
1035 2007 1199 2075 manibus
1227 2007 1385 2074 adhibita
1411 2007 1550 2073 luissent

225 2114 283 2181 illa
295 2115 474 2183 thuribula
496 2117 677 2183 :homines
690 2116 742 2183 illi
763 2116 938 2202 sacrilegi,
954 2115 1012 2182 sed
1030 2114 1146 2182 cultus
1161 2133 1257 2182 sacer
1275 2113 1410 2202 (Acyl.
1431 2141 1446 2173 κ
1467 2115 1549 2178 Pro-

226 2220 398 2311 ducetque
418 2243 458 2288 eo
479 2223 514 2288 in
532 2222 680 2290 lancinat
700 2235 732 2289 ct
752 2223 877 2312 osfipat
894 2221 1000 2288 altori
1017 2249 1032 2280 r
1051 2220 1348 2302 holocaustorum,
1371 2219 1463 2308 quod
1479 2239 1550 2284 om-

225 2328 321 2393 nium
345 2328 522 2395 obtutibus
549 2329 706 2418 patebat,
733 2367 776 2380 -
800 2332 940 2395 chr.
961 2327 1148 2416 etfaciam
1171 2349 1229 2414 ea,
1248 2347 1330 2393 sane
1352 2326 1490 2415 opifices
1505 2324 1547 2390 ad

225 2433 289 2500 hoc
303 2434 479 2524 deputati,
504 2434 564 2524 qui
577 2436 717 2503 fortasse
735 2442 809 2525 post
826 2457 910 2524 opus
925 2433 1035 2510 lavari
1052 2433 1207 2500 debuere
1224 2433 1267 2499 ob
1290 2437 1482 2500 contactum
1499 2431 1549 2496 rei

226 2541 471 2623 sanctificatae,
498 2543 531 2606 in
563 2541 712 2608 leuticios
737 2541 945 2631 productae,
973 2541 1219 2630 operimentum
1247 2538 1370 2606 ultoris
1394 2575 1438 2589 —
1468 2567 1482 2598 c
1511 2559 1548 2602 co

226 2645 320 2735 qnod
340 2646 488 2712 oblatum
513 2647 559 2712 sit
579 2648 613 2713 in
640 2647 688 2713 cis
707 2649 908 2734 [inconstanti
936 2647 1081 2714 licutino
1106 2660 1139 2713 ct
1166 2645 1383 2736 sanctificato
1404 2643 1491 2728 siut,
1512 2657 1549 2710 ut

227 2765 367 2818 cernant
387 2775 427 2817 co
443 2775 506 2841 pro
528 2752 625 2842 cipro
645 2757 690 2839 [et
711 2755 933 2840 nranimento]
950 2754 1021 2843 fitia·
1037 2753 1146 2820 lsrael
1165 2783 1194 2820 u.
1211 2777 1244 2818 r.
1263 2759 1304 2818 33
1322 2751 1429 2842 (im)
1448 2779 1465 2812 <t
1485 2753 1510 2814 T
1510 2773 1545 2814 u·

225 2856 266 2921 lit
288 2880 364 2946 erpo
381 2857 529 2926 Eleazar·
551 2858 706 2926 'sacerdos
726 2859 902 2926 thuribulo
925 2883 1051 2942 occec,
1074 2860 1110 2926 iu
1132 2860 1253 2950 quibus
1276 2857 1473 2926 obtulerunt
1493 2857 1545 2936 lu',

224 2986 308 3052 quos
333 2964 530 3032 incendium
553 2966 742 3052 decor-ecit,
774 2979 806 3032 ct
821 2966 993 3056 produxit
1018 2989 1059 3033 ea
1083 2968 1120 3032 t'n
1144 2965 1293 3032 [aricinos
1319 2965 1467 3053 osfipcns
1495 2962 1547 3028 ul-

225 3071 293 3138 teri
309 3099 342 3150 »,
358 3095 390 3137 v.
413 3077 454 3138 l0
476 3073 583 3162 (17,5)
602 3103 617 3133 α
635 3084 672 3140 ut
691 3073 851 3140 baberent
873 3075 1016 3162 [troclea]
1029 3073 1100 3163 filii
1117 3071 1240 3152 lsrael,
1260 3072 1382 3161 picibus
1402 3091 1550 3136 commc-

225 3191 395 3258 necentur,
414 3202 454 3245 ne
470 3179 546 3269 quis
562 3177 702 3247 accedat
716 3180 914 3270 alienigena
930 3193 972 3264 ct,
991 3180 1052 3270 qui
1070 3201 1142 3245 nou
1158 3191 1207 3245 cst
1222 3177 1403 3244 desemine
1418 3179 1547 3254 Aaron,

226 3283 274 3350 od
296 3285 510 3374 offerendum
532 3286 706 3353 circensem
732 3287 898 3369 Domine,
925 3311 967 3353 uc
984 3287 1146 3376 potietur
1161 3285 1384 3374 sichipertus
1400 3295 1449 3350 est
1467 3285 1549 3350 Cere

226 3401 258 3454 ct
278 3393 385 3458 orutu’s
409 3393 632 3481 congregotio
656 3393 727 3460 cites
755 3424 788 3476 »,
813 3401 878 3460 250
904 3394 989 3476 viri,
1009 3421 1024 3454 «
1049 3394 1207 3481 loquente
1226 3391 1371 3457 Domitio
1391 3389 1439 3456 od
1457 3391 1550 3476 Moy-

226 3520 283 3562 sen
309 3523 339 3563 u.
366 3497 431 3565 Sed
456 3500 580 3588 reliqui
602 3500 690 3566 sicut
713 3500 843 3567 locutus
862 3513 911 3566 cst
935 3500 1104 3566 Dorulaus
1115 3522 1178 3589 per
1197 3519 1338 3564 crottum
1353 3495 1482 3586 Moysis
1496 3499 1546 3572 et,

227 3609 364 3691 praeter
395 3605 487 3692 Syru,
513 3604 645 3672 addunt
668 3608 742 3694 ipsi.
770 3607 852 3673 Cui?
881 3607 1024 3687 Aaroni,
1050 3606 1163 3694 iuquit
1192 3605 1279 3691 Cat,
1308 3604 1364 3670 cui
1384 3608 1470 3669 Deus
1490 3623 1552 3691 per

226 3716 358 3796 iioysen
379 3711 534 3776 attribuit
557 3713 797 3781 sacerdotium.
822 3715 907 3792 Quia
926 3718 1043 3780 tamen
1070 3711 1105 3777 iu
1134 3712 1205 3778 fine
1222 3712 1463 3800 pericoparum
1480 3727 1553 3797 per-

227 3837 327 3905 saepe
353 3820 471 3883 auctor
488 3819 652 3900 affirmat,
671 3841 743 3886 rem
768 3825 877 3885 actam
905 3841 994 3900 esse,
1020 3818 1107 3884 sicut
1131 3841 1151 3884 a
1171 3823 1238 3884 lieo
1258 3814 1548 3906 praecipiebatur,

227 3921 305 3989 ideo
318 3922 440 3990 melius
460 3927 532 3992 Vct.
544 3925 742 3992 Eleazarum
752 3927 919 4013 suggerit,
934 3926 1030 3992 cuius
1041 3924 1181 4014 quidem
1193 3945 1318 3991 nomen
1331 3921 1464 3990 duobus
1478 3942 1553 3987 ver-

227 4030 320 4097 sibus
334 4030 521 4098 inieriectis
536 4031 683 4099 habetur
699 4055 729 4099 v.
746 4038 805 4107 392
819 4033 850 4098 ei
865 4055 897 4098 v.
917 4039 958 4098 37
975 4053 1038 4121 per
1054 4036 1189 4118 iioysen
1209 4028 1436 4096 mandaverat
1453 4033 1549 4094 Deus.

266 4264 297 4312 in
314 4266 390 4314 textu
405 4267 468 4315 cir
481 4265 531 4315 Ex.
550 4265 629 4326 3832
643 4267 764 4316 laminae
780 4279 898 4325 aeneae,
912 4267 1013 4329 quibus
1023 4267 1143 4328 primum
1156 4265 1284 4315 Beseleei
1300 4265 1390 4313 altare
1406 4263 1554 4312 holocaus-

229 4357 321 4402 torum
336 4355 458 4415 opcruii,
470 4353 644 4404 affirmantur
654 4356 769 4406 eaedem
779 4355 866 4405 tuisse
877 4356 1008 4410 laminae,
1019 4367 1115 4417 tluaec
1128 4354 1278 4404 thuribulis
1291 4353 1365 4403 Core
1376 4356 1404 4402 ct
1414 4351 1554 4401 sociorum

228 4439 371 4491 coniectas
384 4444 457 4492 suut.
472 4442 548 4492 Idem
563 4446 648 4494 sentit
664 4447 729 4506 airy.
744 4444 805 4504 Quo
817 4457 951 4494 concesso
965 4446 1022 4502 iam
1037 4444 1135 4506 nequit
1151 4441 1263 4492 defendi
1275 4443 1302 4490 iu
1316 4441 1368 4490 Ex.
1380 4439 1450 4490 Lau.
1463 4439 1551 4489 Nutu.

230 4534 348 4582 eventus
362 4542 396 4580 eo
413 4529 509 4581 ordine
524 4534 646 4597 narrari,
662 4544 717 4595 quo
731 4538 794 4582 acta
808 4535 882 4581 sunt.
901 4532 936 4581 At
949 4532 1058 4582 narrari
1071 4531 1169 4581 ordine
1184 4531 1386 4592 chronologico
1401 4539 1436 4578 ex
1451 4527 1555 4578 hucus-

232 4631 285 4682 que
301 4617 447 4682 disputatis
467 4620 577 4669 abunde
593 4621 740 4683 probatum
759 4620 904 4670 habemus.
922 4619 1049 4683 Longius
1074 4631 1242 4683 progressus
1262 4617 1354 4668 ultim.
1369 4615 1555 4679 deprehendit

230 4709 258 4757 ii.
274 4708 421 4758 i.a1tcraur
436 4713 463 4758 ci
477 4708 512 4758 ab
528 4707 577 4758 Ex.
596 4709 627 4758 38
641 4709 780 4759 diversam
796 4710 998 4764 narrationem,
1012 4708 1153 4771 quomodo
1165 4709 1285 4771 primum
1301 4705 1457 4756 coniectum
1469 4703 1555 4754 tuerit

230 4797 319 4846 altaro
332 4797 567 4847 holocaustorum.
586 4797 629 4848 An
643 4802 686 4847 cst
700 4800 737 4848 iia
750 4799 865 4856 mirum,
883 4799 994 4846 laminis
1010 4797 1060 4846 Ex.
1079 4797 1143 4857 382
1156 4795 1247 4846 affixis
1263 4797 1333 4846 alias
1351 4793 1436 4845 Num.
1457 4793 1487 4842 i6
1503 4805 1554 4842 su·
