3550 5424
725 457 804 500 uuna
827 444 967 501 urrann?
1447 443 1503 500 noi

184 590 294 658 liciter
308 590 478 657 celabant.
505 593 626 656 Annon
649 594 727 680 apte
748 589 880 656 Patlmr
897 612 955 658 seu
977 592 1164 680 capariam
1189 591 1377 658 vocabatur
1392 591 1502 674 locus,

187 696 245 763 nbi
268 697 438 786 propheta
459 696 628 783 degebat?
658 718 772 763 nonne
794 696 822 762 is
844 697 939 764 locus
970 720 1089 764 revera
1116 705 1189 764 erat
1212 697 1247 763 in
1270 703 1360 764 terra
1385 700 1505 763 Aramo

184 825 244 870 seu
262 805 433 870 Ammon?
453 825 569 870 nonne
591 803 683 870 idem
707 810 779 869 erat
800 805 837 868 in
860 805 982 885 Aram,
1004 803 1033 871 si
1054 811 1268 893 supponatur
1292 803 1352 870 ille
1374 809 1506 872 Ammo-

183 909 301 978 nitidis
335 931 447 999 pagus
470 908 602 998 pridem
629 917 875 976 Aramaeorum
903 909 1026 976 luisse?
1053 915 1103 990 et,
1134 932 1211 976 cum
1235 914 1288 975 sat
1311 909 1410 977 multi
1437 915 1505 975 tor-

184 1021 298 1083 rentes
321 1037 360 1082 ex
375 1014 575 1082 auranitide
595 1020 826 1097 nascerentur,
849 1036 964 1082 nonne
984 1021 1064 1106 apte
1087 1016 1132 1082 ad
1154 1037 1232 1082 eum
1247 1021 1506 1105 pagum‘exten-

185 1121 333 1189 debatur
363 1143 489 1187 nomen
520 1125 624 1188 Aram
656 1121 831 1210 irriprmm
863 1144 921 1188 seu
957 1123 1062 1188 Aram
1093 1121 1283 1188 Nakam'm?
1308 1128 1428 1200 Porr0,
1457 1123 1507 1189 uti

185 1230 415 1310 ammonitae,
437 1227 485 1294 ita
514 1227 586 1314 agit
609 1228 712 1295 etiam
734 1229 806 1317 ipse
831 1228 970 1295 Balaam
993 1235 1085 1309 23,'i,
1113 1228 1288 1295 affirmans
1309 1250 1343 1295 se
1368 1250 1439 1294 esse
1467 1227 1507 1294 dc

185 1337 289 1402 Aram
317 1334 646 1424 adductum;·qu0d
671 1356 801 1401 nomen
827 1335 965 1424 copulat
993 1334 1166 1402 aror‘rcr'bas
1193 1335 1351 1421 orientia,
1375 1333 1508 1402 nomini

186 1463 353 1531 perquam
383 1463 483 1528 vago.
508 1446 631 1508 bocum
652 1440 813 1526 designat
825 1463 920 1522 vere,
939 1441 1000 1508 sed
1014 1462 1234 1530 nequaquam
1251 1448 1419 1508 accurate.
1443 1445 1508 1507 No-

187 1548 282 1624 mina
297 1546 436 1630 deinde,
465 1547 515 1612 uti
534 1547 578 1614 ab
597 1546 801 1613 Ammonitis
817 1546 1054 1626 tradebantur,
1073 1546 1250 1636 descripsit
1267 1569 1362 1613 sacer
1377 1552 1506 1627 auctor,

186 1654 245 1743 qui
267 1655 382 1742 utique
409 1652 592 1720 interfecto
611 1654 716 1742 paulo
734 1660 810 1742 post
836 1652 997 1719 Balaamo
1014 1652 1147 1719 nullam
1169 1651 1321 1720 habebat
1341 1652 1508 1719 rationem

185 1762 375 1826 accuratius
390 1761 462 1825 eius
474 1757 640 1827 domicilii
653 1758 879 1848 perquirendi
895 1759 951 1843 (ci.
972 1781 999 1825 s.
1016 1782 1052 1847 p.
1070 1760 1163 1845 255).
1177 1760 1281 1840 Dices,
1301 1759 1398 1825 bisin
1416 1781 1510 1824 erro-

185 1887 256 1934 rem
273 1866 391 1932 indnci
408 1867 569 1932 lectorem
583 1867 791 1954 scripturae.
812 1865 872 1954 qui
887 1864 1038 1932 Balaami
1058 1867 1171 1933 sedem
1189 1865 1311 1955 procul
1328 1865 1365 1931 in
1383 1866 1510 1931 oriente

186 1971 450 2060 circumspiciat,
464 1971 518 2037 vel
529 1971 620 2038 eirca
632 1973 840 2061 Euphraten.
854 1971 1041 2039 inducatur
1050 1971 1086 2037 in
1096 1994 1248 2038 errorem
1259 1971 1367 2038 lector
1376 1993 1506 2052 vacere,

186 2081 240 2145 cui
263 2077 389 2143 Patbur
412 2082 513 2143 Aram
540 2077 632 2143 idem
654 2082 750 2143 sonat
766 2083 868 2165 atque
886 2077 1002 2145 Padan
1022 2081 1141 2157 Aram,
1161 2077 1324 2165 nullaque
1340 2076 1384 2143 sit
1399 2077 1509 2144 haesi-

186 2184 270 2249 tatio
286 2182 522 2249 concedendae
542 2183 677 2249 babano
692 2183 843 2273 plurium
857 2182 1074 2250 saeculorum
1089 2183 1178 2249 vitae
1196 2204 1203 2250 :
1221 2183 1281 2249 scd
1296 2205 1365 2248 non
1379 2205 1442 2272 pro
1458 2183 1511 2248 his

185 2290 266 2356 solis
293 2290 515 2356 concinnatae
540 2295 618 2356 sunt
641 2289 842 2379 scripturae.
866 2294 984 2357 Lector
1006 2289 1174 2378 prudens,
1203 2289 1334 2355 collatis
1360 2289 1450 2355 inter
1476 2311 1510 2355 se

185 2401 283 2482 Num.
299 2402 395 2478 2253
412 2401 507 2478 ⁴23,'i;
521 2400 616 2464 Dent.
632 2401 724 2478 Μ,
741 2395 915 2462 dubitabit
928 2396 1047 2462 saltem
1061 2401 1163 2484 atque
1175 2395 1224 2462 ita
1238 2417 1352 2462 errore
1366 2395 1506 2462 carebit.

230 2505 358 2568 Erame
384 2502 527 2568 Balaam
552 2524 649 2568 aeras
663 2503 862 2592 propbeta?
889 2507 1013 2568 iterato
1035 2501 1184 2568 affirmat
1202 2501 1292 2590 ipse,
1312 2523 1347 2570 se
1369 2524 1389 2567 a
1409 2501 1510 2570 lahvc

186 2610 341 2698 accipere
355 2608 492 2675 oracula
505 2609 650 2689 necnisi,
668 2631 789 2696 quaea
809 2609 911 2674 lahve
931 2613 1104 2697 ponantur
1115 2606 1152 2674 in
1169 2629 1227 2674 ore
1240 2630 1317 2688 suo,
1334 2606 1507 2697 proloqui.

186 2720 346 2782 Narrator
362 2715 443 2782 item
467 2737 563 2781 sacer
585 2715 752 2797 affirmat,
775 2715 973 2781 Balaamum
991 2714 1085 2803 loqui
1101 2713 1416 2803 lahreinspirante.
1435 2713 1511 2780 Eius

185 2821 226 2887 de
241 2821 364 2888 israele
379 2822 516 2889 oracula
526 2826 596 2888 tota
611 2826 691 2890 sunt
704 2826 820 2888 sancta
841 2828 873 2888 et
891 2842 988 2900 vera3
1005 2820 1076 2887 imo
1091 2821 1208 2887 lutura
1223 2821 1396 2909 quaedam
1411 2841 1511 2908 prae-

185 2927 361 3009 nuntiant,
392 2951 496 3016 quae,
524 2927 615 3017 quod
635 2927 777 3016 impleta
806 2929 891 3008 sint,
909 2948 1028 2994 verum
1054 2947 1133 2994 eum
1152 2949 1222 2993 esse
1236 2925 1508 3015 lleiprophetam

185 3035 432 3101 demonstrant.
458 3033 552 3100 ldem
574 3035 611 3099 in
635 3035 703 3100 suis
726 3032 873 3100 oraculis
896 3056 996 3100 verus
1019 3032 1170 3099 habetur
1184 3032 1354 3120 propheta
1369 3031 1413 3096 ab
1433 3053 1510 3099 auc-

185 3140 314 3206 toribus
337 3139 526 3229 inspiratis,
546 3139 701 3228 itemque
721 3161 741 3205 a
761 3141 904 3207 testibus
928 3138 1126 3205 traditionis
1145 3143 1214 3204 tam
1235 3136 1390 3203 iudaicae
1406 3159 1509 3226 quam

184 3245 403 3313 christianae.

222 3446 310 3496 David
325 3448 448 3508 supremi
461 3447 504 3496 sui
519 3447 623 3510 eloquii
639 3446 794 3510 prophetici
811 3445 826 3494 2
842 3445 912 3507 Rog.
931 3443 992 3494 rai
1011 3456 1073 3508 sqq.
1091 3444 1201 3492 initium
1214 3442 1382 3492 adamussim
1399 3441 1510 3494 confor-

173 3539 241 3600 mat
256 3534 379 3584 exordiis
394 3535 511 3586 Balaam
526 3534 609 3584 Num.
627 3534 689 3594 ria
705 3548 748 3598 sq.
769 3533 799 3586 l5
815 3547 858 3598 sq.

257 3623 406 3673 Oraculum
422 3623 511 3672 David
526 3623 574 3673 iiiii
591 3624 660 3682 lsai,

255 3713 398 3761 oraculum
413 3713 480 3766 riri.
498 3725 581 3775 quem
600 3712 748 3762 constituit
764 3711 811 3768 El,

255 3801 330 3850 uncti
346 3801 397 3850 Dei
412 3799 510 3860 Iacob,

255 3889 413 3952 suaviloqui
429 3888 527 3950 psaltis
542 3889 639 3938 lsrael.

185 3976 227 4028 ei.
245 3975 299 4027 ca
314 3991 341 4040 p.
358 3975 423 4036 im,
442 3978 469 4026 G.
487 3977 614 4040 lieiqnoa
630 3975 693 4044 (Les
713 3977 877 4039 prophetias
896 3975 1115 4038 massianiques,
1135 3989 1161 4036 p.
1181 3974 1230 4024 500
1247 3988 1301 4037 sq,
1319 3973 1397 4022 Paris
1421 3973 1506 4038 1856),

186 4066 211 4114 i.
233 4065 331 4113 iteirrirc
349 4063 488 4130 (Beiiriigc
508 4078 556 4114 aur
573 4065 734 4127 Eriiiirung
749 4064 798 4114 des
818 4065 850 4114 Α.
872 4063 915 4123 Τ.,
940 4063 988 4114 IV.
1017 4063 1082 4124 rii,
1100 4060 1329 4123 Miinster1855).
1351 4061 1427 4111 idom
1445 4059 1509 4128 lacit

185 4159 280 4203 auctor
295 4155 377 4203 Pror.
394 4153 454 4210 30,i
475 4167 480 4200 :

255 4241 348 4291 Verba
365 4243 441 4304 Agar
455 4241 502 4291 filii
519 4243 604 4305 quch
620 4241 753 4303 blasitae,

257 4330 407 4380 Oraoulum
423 4331 476 4379 viri
492 4343 611 4394 quocum
627 4335 669 4380 est
684 4329 731 4390 El,

259 4417 377 4468 Aillantc
391 4419 422 4467 iii
436 4419 511 4469 velet
528 4416 619 4482 (edere
634 4415 799 4484 oraculum).

222 4508 306 4570 Atqui
319 4511 450 4557 auctores
462 4509 491 4557 hi
502 4507 629 4571 inspirati
643 4511 681 4558 ita
691 4521 747 4559 non
759 4509 897 4570 egissent,
914 4508 968 4556 nisi
982 4505 1147 4556 Balaamum
1163 4504 1328 4568 proplietam
1343 4505 1507 4567 inspiratum

185 4595 359 4647 habuissent.
376 4595 458 4645 Mich.
476 4595 520 4658 6,5
536 4608 702 4660 responsum
716 4597 829 4646 Balaam
842 4597 1005 4646 accensetur
1014 4591 1161 4643 beneficiis
1172 4592 1270 4642 Israeli
1285 4606 1301 4642 a
1317 4593 1376 4643 Deo
1389 4593 1507 4642 collatis.

184 4713 219 4722 —
235 4687 385 4748 Perperam
400 4689 496 4736 censet
508 4685 607 4735 iieiaic
622 4698 649 4748 p.
663 4684 729 4744 i09,
745 4697 780 4735 ex
795 4684 849 4735 ier.
867 4683 947 4744 ⁴81⁴5
963 4682 1036 4733 citici
1048 4683 1133 4733 eiiam
1149 4682 1296 4732 ieremiam
1312 4680 1443 4730 habuisse
1456 4679 1508 4728 Ba·

185 4775 269 4825 laami
288 4775 401 4838 eloquia
420 4787 470 4837 pro
489 4774 655 4838 inspiratis:
674 4789 686 4821 ι
703 4773 735 4822 ln
755 4773 853 4822 umbra
869 4772 999 4822 ilesebon
1020 4773 1157 4820 steterunt
1174 4769 1313 4833 fugientes
1330 4769 1506 4826 violentiam,

185 4866 250 4927 quia
264 4865 336 4927 ignis
352 4875 483 4927 egressus
499 4865 541 4914 est
555 4863 590 4913 de
609 4861 753 4922 Hesebon,
770 4867 798 4912 et
810 4859 925 4911 flamma
944 4861 978 4910 dc
999 4859 1091 4910 medio
1108 4857 1217 4919 Seiron,
1235 4863 1263 4910 ct
1276 4858 1421 4908 devoravit
1435 4857 1509 4907 laius
