3550 5424
716 400 789 443 uun.
814 385 906 454 2238
927 401 988 455 soo.
1455 393 1512 452 mr

195 535 338 601 avernia
352 533 410 619 agi
427 532 643 622 supponebat
663 532 774 598 Balao.
797 557 828 602 v.
856 540 898 602 38
925 565 940 596 «
960 537 1026 603 Cal
1044 537 1103 604 Ille
1125 538 1299 628 respondit
1317 561 1329 604 :
1350 542 1435 606 Bere
1451 541 1514 606 at-

192 663 267 706 sum
289 667 320 708 a.
340 639 414 706 Tibi
436 639 618 706 obsecutus
637 661 724 707 sum.
749 641 943 726 Rationem,
965 666 1025 710 our
1041 666 1112 711 non
1136 645 1233 734 prius
1254 645 1435 714 obsecutus
1451 648 1510 725 sit,

194 747 321 830 innuit,
345 768 413 812 non
437 747 510 812 Iore
531 745 568 812 in
591 767 651 813 sua
673 751 838 834 potestate
863 769 1064 838 responsum
1089 750 1189 832 dare,
1217 753 1318 840 qualo
1337 753 1438 818 Balao
1463 776 1518 819 ex-

194 852 333 941 petebat
349 875 357 921 :
376 881 392 914 (ι
416 851 597 942 Numquid
616 850 711 941 loqui
720 865 842 942 potero
864 853 983 938 aliud,
1002 856 1070 922 nisi
1095 857 1190 945 quod
1204 862 1295 924 Deus
1304 859 1462 948 posuerit
1480 865 1514 926 Iu

196 982 251 1026 ore
273 961 368 1026 meo?
395 987 410 1018 »
435 961 534 1025 Hebr.
561 957 778 1048 :Numquid
807 959 901 1048 loqui
920 975 1039 1050 potero
1066 963 1274 1053 quidquam,
1300 987 1363 1054 pro
1387 966 1515 1055 placito

195 1088 271 1132 meo
286 1072 320 1132 et
335 1070 418 1133 tuo?
445 1064 605 1142 Verbum,
624 1063 719 1154 qaotl
725 1065 882 1154 posuerit
902 1071 992 1134 Deras
1012 1069 1049 1135 m
1074 1092 1129 1136 ore
1153 1093 1243 1156 meo,
1271 1070 1360 1137 illud
1380 1071 1511 1160 loquar.
1572 1153 1575 1159 .

193 1177 266 1238 Non
280 1171 437 1239 nominat
451 1171 552 1238 lahve
573 1171 638 1237 hac
652 1171 743 1254 vioe,
765 1172 903 1240 tortasse
921 1196 964 1241 ne
979 1197 1097 1261 regem
1112 1181 1328 1264 praesentem
1349 1177 1511 1244 offendat.

191 1277 258 1344 Sed
275 1279 317 1344 af.
335 1300 369 1367 p.
386 1284 463 1344 25⁵1.
480 1299 512 1345 v.
533 1283 575 1343 39
597 1305 612 1337 α
633 1279 860 1344 Perreaemmt
877 1302 956 1369 erqo
972 1281 1123 1348 simulet
1138 1295 1302 1350 cenerum
1323 1284 1359 1350 lu
1379 1287 1510 1364 urbem,

190 1407 277 1472 quae
293 1385 330 1452 in
343 1383 501 1450 extremis
515 1382 616 1473 requi
629 1383 701 1450 eius
712 1385 838 1473 fine'bas
848 1398 922 1454 erat
938 1415 965 1454 a,
981 1401 1064 1452 ntro
1082 1403 1175 1480 amp,
1190 1389 1283 1478 quod
1299 1390 1412 1457 verius
1427 1394 1516 1456 LXX

190 1495 328 1558 vertunt
342 1493 422 1558 urbs
437 1490 586 1570 clamem,
609 1489 702 1579 quod
718 1490 834 1580 plures
849 1515 889 1558 eo
904 1493 1046 1560 fortasse
1063 1493 1137 1560 viae
1154 1503 1402 1582 convcrgerent
1427 1521 1434 1564 :
1452 1499 1513 1563 scd

189 1619 315 1665 nomen
332 1598 450 1686 utique
467 1618 603 1664 versum
622 1598 721 1662 estin
737 1619 862 1664 nomen
881 1599 1061 1688 proprium
1079 1599 1213 1680 Qt'riatlz
1232 1601 1394 1668 Clrazotlz.
1413 1604 1508 1670 Sam.

189 1717 281 1769 ntum
296 1717 372 1795 nup
390 1703 482 1793 (τινὸς
499 1704 713 1798 νηιιναὶαχοῐ.
731 1707 784 1770 Ez.
808 1704 935 1792 tato),
953 1705 1032 1794 Syr.
1048 1719 1145 1770 uranu
1163 1721 1240 1798 nup
1254 1707 1346 1796 (urbs
1361 1707 1510 1774 colonia-

188 1833 265 1876 rum
272 1810 480 1900 pastorum).
494 1832 526 1876 v,
545 1817 587 1878 Ιιθ
610 1839 624 1870 «
649 1812 800 1897 Cumque
823 1809 1002 1878 occidisset
1021 1812 1126 1879 Balao
1145 1815 1242 1879 loves
1259 1827 1291 1879 et
1313 1837 1403 1898 oves,
1417 1815 1512 1880 misr't

184 1907 234 1982 'aa
258 1917 401 1983 Balaam
423 1929 454 1982 et
473 1916 666 2005 principes,
688 1918 750 2005 qui
774 1937 851 1982 erem
876 1939 913 1982 eo
940 1929 1056 2001 eraut,
1080 1920 1248 2008 [metuerat
1276 1947 1312 2000 a,
1338 1922 1510 2009 portiones

189 2023 429 2112 pacificorum,
449 2023 590 2088 honoris
606 2027 640 2087 et
653 2021 825 2089 amicitiae
841 2028 1095 2109 argumentum.

411 2269 456 2319 IV.
474 2269 611 2318 PRIMUM
628 2270 786 2318 BALAAMI
803 2271 1014 2320 ramularum
1031 2271 1115 2320 NUM.
1133 2274 1291 2333 tall-tuae.

231 2455 311 2536 Arp.
329 2488 372 2498 —
391 2454 435 2515 Be
457 2454 571 2514 moute
593 2449 737 2514 Bamoth
759 2448 839 2514 Baal
859 2449 995 2515 Balaam
1018 2456 1151 2538 partem
1174 2449 1296 2539 populi
1316 2451 1505 2520 contuitus.

187 2560 392 2644 protestatur
405 2577 440 2622 se
455 2577 524 2621 nou
540 2576 638 2644 posse
660 2554 774 2620 Israeli
790 2553 1011 2638 maledicere,
1030 2557 1084 2622 cui
1101 2556 1201 2622 lahve
1221 2579 1292 2622 non
1310 2556 1503 2636 maledicat,

185 2662 254 2728 imo
281 2683 384 2751 quem
412 2660 553 2750 speciali
580 2660 764 2750 privilegio
788 2660 853 2727 sibi
878 2683 960 2750 prae
982 2661 1143 2749 gentibus
1167 2662 1328 2750 elegerit,
1353 2666 1506 2730 numeris

186 2773 383 2836 constanter
397 2765 612 2854 augendum,
629 2772 720 2833 sorte
734 2766 1006 2834 fortunatissima
1024 2767 1272 2835 decorandum.

228 2897 260 2942 v.
284 2882 323 2943 t1
347 2903 362 2936 u
383 2877 485 2942 Mane
501 2886 615 2940 autem
629 2873 727 2961 facto
744 2873 843 2940 (latit
858 2895 934 2939 eum
954 2873 1002 2940 ad
1015 2874 1147 2941 arcelsa
1165 2875 1253 2942 Baal
1274 2903 1303 2941 o.
1325 2879 1407 2942 Cum
1423 2877 1500 2964 Syr.

186 2981 293 3048 retine
308 3001 434 3048 nomen
450 2980 629 3069 proprium
645 2979 789 3046 Bamotlz
805 2979 904 3062 Baal,
920 2980 1014 3069 quod
1032 2979 1152 3069 utique
1168 2983 1291 3047 montis
1310 3003 1439 3048 nomen
1454 2990 1503 3048 est

186 3089 241 3175 (ol.
257 3092 371 3170 23,st
384 3085 454 3173 28).
467 3113 482 3146 a
494 3087 538 3151 Bt
550 3084 695 3152 intuitus
705 3098 754 3151 est
763 3086 1220 3176 eatremampartempopali
1232 3115 1262 3153 u,
1274 3090 1357 3153 Cum
1370 3086 1499 3163 Qiriath

185 3193 336 3261 Chuzoth
352 3192 456 3260 luerit
470 3199 559 3258 certe
575 3191 618 3257 ad
629 3190 808 3257 meridiem
823 3193 986 3274 Araunia,
997 3213 1043 3259 so.
1058 3193 1149 3258 intra
1164 3193 1249 3258 fines
1262 3192 1500 3272 Moabitarum,

184 3307 216 3368 et
233 3301 373 3366 fortasse
391 3304 463 3366 tum
481 3296 580 3384 regni
599 3304 701 3387 caput
717 3297 896 3376 exstiterit,
914 3319 1062 3386 eumque
1081 3300 1248 3387 sequenti,
1266 3305 1448 3388 postquam
1465 3322 1504 3364 eo

183 3406 338 3496 pervenit
353 3405 506 3485 Balaam,
523 3403 580 3470 die
598 3402 765 3470 deductus
780 3405 823 3470 sa
842 3403 878 3469 in
893 3405 1038 3470 Bamoth
1057 3404 1156 3485 Baal,
1176 3406 1232 3470 hia
1250 3425 1348 3471 mons
1365 3405 1502 3472 videtur

184 3512 274 3580 haud
295 3511 416 3601 procul
436 3510 552 3577 obesse
567 3511 612 3577 ab
630 3517 761 3590 Arnon,
779 3515 839 3576 aut
858 3508 1038 3576 meridiem
1063 3517 1124 3576 aut
1145 3510 1410 3599 septentrionem
1428 3535 1503 3577 ver-

182 3641 248 3686 sus.
271 3621 435 3685 Extrema
457 3616 585 3706 populi
605 3623 655 3683 est
678 3615 787 3702 igitur
806 3617 955 3705 populus
973 3615 1144 3684 hebraeus
1165 3639 1235 3684 nou
1255 3621 1361 3696 totus,
1383 3617 1442 3684 sed
1462 3642 1501 3684 ea

182 3725 255 3792 eius
275 3745 370 3815 pars,
391 3746 478 3812 quae
501 3723 795 3813 pone‘exeroitum
817 3728 1043 3805 remanserat,
1066 3729 1212 3790 tractum
1230 3723 1275 3790 ad
1299 3725 1501 3813 septentrio-

183 3853 261 3899 nem
276 3830 424 3898 Arnouis
441 3834 677 3918 occupaverat.

233 3939 314 4028 Cap.
342 3937 459 4003 XXIII
485 3958 516 4002 v.
548 3943 562 4001 1
593 3963 607 3996 t<
634 3935 797 4024 Dixitque
821 3933 965 4000 Balaam
995 3933 1043 4001 ad
1065 3935 1170 4002 Balao
1197 3957 1209 4000 .·
1234 3935 1388 4023 Aedifica
1415 3936 1502 4001 milti

186 4045 241 4110 laic
256 4056 381 4134 septem
399 4065 491 4124 aras,
511 4054 542 4107 et
551 4065 641 4131 para
658 4069 673 4100 a
692 4040 777 4107 milri
792 4040 846 4106 lu'c
868 4071 882 4102 u
903 4039 1042 4108 totidem
1062 4041 1186 4110 vitulos
1201 4039 1421 4130 eiusdemque
1438 4064 1500 4107 rut·

184 4147 270 4215 meri
287 4149 410 4216 arietes
434 4177 462 4214 ».
491 4156 540 4214 An
564 4149 706 4214 fortasse
729 4169 747 4214 e
770 4147 874 4213 variis
896 4147 1133 4214 cacuminibus
1151 4145 1386 4213 adiacentibus
1410 4147 1501 4213 hune

181 4257 253 4344 ipse
268 4255 404 4322 Balaam
422 4254 560 4340 selegit,
581 4254 641 4343 qui
655 4254 859 4321 latissimum
881 4255 1018 4321 oll'erret
1032 4258 1208 4343 aspectum
1224 4253 1388 4342 operique
1408 4254 1502 4320 vido-

181 4367 276 4429 retur
289 4362 423 4450 aptior?
437 4384 468 4428 v.
487 4367 506 4426 ἓ
528 4389 542 4420 u
570 4365 721 4451 Cumque
732 4359 869 4450 fecisset
887 4359 986 4426 iuxta
1005 4381 1195 4424 sermonem
1210 4359 1372 4442 Balaam,
1392 4359 1502 4450 impo-

181 4480 348 4536 suerunt»
363 4467 468 4534 Balao
481 4480 514 4532 et
529 4466 727 4534 Balaam-
739 4469 829 4532 LXX
844 4466 913 4548 hic,
929 4467 979 4532 uti
989 4487 1021 4533 v.
1041 4473 1095 4548 30,
1110 4464 1312 4553 simpliciter
1326 4465 1499 4555 imposuit,

182 4598 227 4642 sc.
244 4576 346 4642 Balao
359 4613 404 4623 -
426 4605 440 4636 a
458 4573 565 4640 simul
580 4571 722 4638 uitulum
737 4583 769 4638 et
784 4573 923 4638 arietem
941 4593 1042 4661 super
1057 4592 1155 4638 aram
1172 4599 1187 4630 a
1206 4593 1393 4660 quamque.
1415 4575 1501 4639 llaec

182 4681 349 4749 sacrificia
374 4681 491 4770 utiquc
517 4679 708 4747 offeruntur
730 4701 811 4745 vero
836 4685 914 4759 Beo,
939 4680 1036 4745 cuius
1057 4676 1234 4745 oraculum
1260 4699 1336 4744 mox
1358 4678 1502 4766 requirit

184 4788 335 4870 Balaam,
359 4787 546 4854 secundum
567 4787 671 4852 ritum
694 4783 984 4876 praemosaicum‚
1008 4785 1067 4873 qui
1086 4783 1181 4876 apud
1200 4791 1321 4870 gentes
1339 4805 1408 4851 non
1428 4792 1500 4852 erut
