3550 5424
629 461 747 506 uoiuuu
772 461 899 506 PROPRIA
919 460 1069 506 Vluoauu.

328 595 363 657 A
658 595 692 660 B
986 596 1014 658 G

185 734 251 785 Sodi
521 730 635 782 Geddlel

319 827 384 876 run
402 819 466 870 Zab.
626 801 714 878 butu
738 822 803 871 Zau.

186 912 249 962 Susi
520 909 613 959 Gaddi
850 973 854 980 .

307 1005 377 1054 anio
393 999 465 1048 Man.
671 1006 716 1054 lu
732 998 804 1048 Man.

1063 1072 1095 1116 cl.
1111 1075 1164 1116 lice.
1180 1077 1240 1126 94,ss

108 1212 110 1215 -
185 1176 305 1227 Gemelli
521 1176 641 1225 Arumlrl
858 1160 943 1235 Dabfj

321 1244 392 1320 ³522
408 1265 470 1314 Dan
628 1243 728 1322 buln?
744 1266 806 1315 Dan
994 1281 1061 1332 2727
1078 1274 1138 1324 Dan

185 1352 303 1404 Michael
522 1354 609 1404 Sthur

286 1422 384 1498 lesse
399 1442 470 1492 Aser
642 1448 717 1497 uuo
734 1443 807 1492 Aser

184 1534 269 1596 Vepsi
520 1531 631 1581 Naliabl

280 1626 346 1678 *Dm
363 1621 467 1685 Nepht.
619 1626 686 1676 tun:
701 1619 804 1683 Nepht.

184 1710 275 1759 Maelii
521 1709 591 1760 Girel

325 1798 466 1854 ianuar.
627 1777 802 1854 bururGad-
894 1824 896 1827 ·

229 1967 265 2028 ln
283 1961 654 2047 columuaAleguntur
664 1963 803 2027 nomina
816 1962 881 2027 tria
892 1962 1058 2027 habentia
1071 1983 1196 2027 nomen
1210 1961 1364 2028 divinum
1378 1963 1503 2030 Saland-

183 2069 244 2134 <lai
260 2090 271 2134 :
287 2066 518 2146 Srltcrddor‘ur,
534 2066 800 2148 Serranorum,
819 2067 1077 2134 Amisebuu'dui.
1098 2067 1261 2134 Videntur
1272 2069 1379 2153 igitur
1392 2077 1505 2158 patres

183 2175 333 2241 virorum
351 2179 376 2239 A
392 2172 508 2240 adbuc
529 2195 568 2238 eo
587 2172 728 2238 nomine
745 2178 848 2240 [teum
865 2173 1023 2245 coluisse,
1039 2180 1114 2261 post
1133 2173 1210 2239 illos
1229 2197 1309 2239 vero
1326 2196 1448 2241 nomen
1469 2177 1505 2242 in

183 2279 444 2347 desuetudinem
471 2278 607 2346 abiisse.
632 2278 727 2356 Quod
749 2284 800 2346 est
825 2280 941 2369 aliqua
967 2285 1076 2346 textus
1107 2284 1162 2344 Ex.
1191 2285 1247 2359 6,3
1275 2279 1501 2351 confirmatio.
1620 2361 1623 2366 λ
1670 2362 1696 2370 ,.

182 2392 311 2454 Nomen
326 2387 428 2452 labec
448 2409 467 2452 a
488 2385 656 2453 columnis
674 2373 744 2452 A-ll
760 2386 889 2452 exsulat
907 2386 1060 2474 (excepto
1080 2387 1221 2451 nomine
1242 2389 1338 2452 losue
1357 2410 1377 2452 a
1396 2391 1503 2474 Moyse
1595 2387 1598 2390 ’
1630 2386 1633 2390 ⁴
1662 2373 1675 2388 ⁸

181 2494 354 2582 imposito)
383 2517 391 2563 ε
424 2491 631 2560 tenebantur
662 2492 822 2558 homines
857 2493 1006 2559 maxima
1032 2492 1105 2558 eius
1131 2493 1335 2559 sacrosancti
1358 2494 1504 2560 nominis
1683 2480 1708 2506 ⁸

182 2603 388 2682 reverentia,
417 2598 546 2665 neonisi
570 2597 726 2688 exemplo
751 2599 868 2686 Moysis
892 2599 1059 2687 paulatim
1083 2598 1346 2681 inducebantur,
1372 2605 1408 2665 ut
1429 2600 1501 2667 eius

183 2713 374 2773 truncatam
389 2706 538 2772 formam
556 2705 755 2771 nominibus
769 2705 918 2794 propriis
935 2705 1152 2771 adhiberent.

226 2813 291 2880 Sed
300 2814 391 2879 inter
406 2811 582 2880 Seduddui
596 2820 630 2879 et
642 2811 743 2877 laluu
763 2811 909 2879 alterum
930 2811 1112 2879 intercedit
1126 2834 1252 2879 nomen
1271 2811 1424 2880 divinum
1443 2816 1497 2883 El.

183 2920 314 2986 llludin
326 2920 388 2987 col.
402 2924 428 2985 A
442 2924 542 2984 Num.
562 2926 578 2985 1
593 2917 744 2984 habetur
756 2917 862 2984 semel
874 2924 1008 2985 tantum
1023 2918 1152 3006 (berall,
1167 2919 1225 2984 sed
1240 2921 1272 2985 in
1285 2919 1348 2986 col.
1368 2925 1499 2988 BNum.
1537 2949 1538 2952 ¹

184 3034 198 3092 l
226 3028 369 3092 omnino
392 3026 513 3105 octies,
536 3033 567 3090 et
592 3025 734 3113 quidem
761 3031 883 3112 quater
907 3025 1004 3091 initio
1027 3024 1170 3112 (Elium,
1193 3025 1307 3105 Elian,
1334 3025 1501 3107 Eliadum,

181 3132 376 3221 Eliusapb),
395 3140 516 3221 quater
529 3131 567 3196 in
587 3130 656 3196 line
674 3131 851 3196 nominum
868 3130 1060 3218 (Salamiel‚
1078 3129 1292 3217 Narbauurl‚
1314 3132 1497 3216 Gamaliel‚

183 3237 352 3327 Pbeqiell3
369 3238 405 3302 in
422 3237 485 3302 eol.
504 3243 530 3302 A
550 3238 648 3301 Num.
666 3241 705 3300 13
721 3234 828 3299 semel
845 3234 1031 3324 (lliclroel),
1049 3237 1085 3300 in
1105 3236 1169 3301 eol.
1188 3239 1211 3299 B
1227 3241 1326 3303 Num.
1347 3244 1385 3304 13
1399 3238 1501 3326 quin-

181 3347 276 3434 quies
293 3342 412 3432 (lquel,
431 3340 591 3422 proluet,
614 3339 779 3419 Gaddiel,
794 3340 958 3421 Amuu'el,
979 3340 1090 3427 Geel).
1113 3341 1148 3408 Si
1167 3349 1283 3408 autem
1303 3342 1348 3408 ad
1368 3344 1498 3410 Levita·
1519 3399 1523 3405 .

182 3472 258 3517 rum
274 3450 412 3517 nomina
425 3449 586 3515 deflectas
600 3448 727 3526 oculos,
744 3446 895 3534 reperies
910 3447 1025 3512 omnia
1035 3451 1068 3512 et
1080 3447 1228 3534 singula,
1244 3455 1311 3514 tam
1323 3450 1501 3518 columnae

181 3562 324 3646 Aquam
339 3557 518 3623 columnae
536 3559 572 3636 B,
590 3554 718 3619 hahere
734 3575 862 3619 nomen
880 3553 925 3618 El
941 3574 953 3618 .·
971 3553 1069 3634 Lael,
1089 3553 1196 3633 Oziel,
1212 3553 1386 3641 Abilraiel,
1403 3557 1501 3625 Eliu-

181 3662 284 3751 suplr,
301 3661 510 3751 Είὶεαρὴαη,
528 3659 655 3727 Suriel.
677 3658 806 3737 Quibus
825 3658 932 3725 addas
949 3659 1084 3725 Eliezer
1102 3660 1211 3726 filium
1233 3663 1352 3749 Moysis
1368 3653 1498 3752 (utba,

181 3776 301 3836 eontra
322 3771 461 3835 (laruam
480 3781 567 3833 nuru
582 3770 639 3833 Ex.
661 3772 737 3846 18‚3
752 3765 834 3855 sq.),
855 3766 1002 3833 Eleazar
1020 3766 1131 3833 filium
1149 3772 1261 3834 Aaron
1279 3758 1406 3857 (aruba,
1423 3794 1499 3837 con-

181 3883 233 3942 tra
256 3874 378 3943 Nadab
401 3891 468 3946 zur,
491 3873 582 3940 Abiu
605 3888 734 3946 ululare,
758 3873 914 3939 ledonem·
938 3872 1071 3961 annm),
1095 3874 1267 3940 Elis-obeth
1290 3864 1442 3964 (rauba)
1468 3884 1502 3943 et

183 3982 320 4048 Plruliel
334 3969 497 4071 (aaran
513 3986 566 4046 Ex.
584 3986 674 4061 ΜΒ.
691 3977 761 4067 25),
774 3983 807 4045 et
824 3978 914 4045 viros
928 3978 1070 4046 sortasse
1084 3981 1167 4046 item
1183 3980 1312 4046 levitas
1325 3983 1423 4048 Num.
1443 3990 1496 4064 11,
1581 4032 1584 4037 -

180 4096 222 4156 26
236 4087 354 4154 Eldud
368 4076 472 4176 (ule)
488 4093 522 4153 et
540 4084 668 4153 Medae
680 4107 738 4152 scu
758 4084 931 4152 Elmodud
944 4074 1104 4175 (rtlnbu).
1122 4086 1263 4152 Videtur
1280 4086 1388 4172 igitur
1405 4087 1497 4155 inter

180 4193 376 4284 periodum,
402 4216 471 4282 qua
491 4192 715 4258 invocabatur
738 4189 931 4277 Soboridai,
957 4198 990 4258 et
1012 4192 1175 4271 alteram,
1201 4214 1269 4281 qua
1292 4193 1500 4261 invocandus

179 4306 252 4367 erat
275 4299 394 4381 lubae,
415 4297 641 4365 intercessisse
661 4295 745 4379 alia,
766 4320 835 4386 qua
852 4297 998 4364 Hebraei
1019 4319 1153 4364 rursum
1173 4299 1245 4364 fere
1264 4298 1335 4365 solo
1357 4301 1499 4389 antiquo

179 4405 318 4474 nominc
339 4405 384 4472 El
401 4411 505 4471 lteum
525 4403 741 4493 appellarent
765 4426 772 4472 :
796 4404 862 4469 luit
882 4404 970 4470 illud
991 4403 1163 4493 imprimis
1188 4409 1338 4493 tempus,
1360 4407 1500 4496 quando

181 4543 196 4573 a
224 4511 375 4580 ascendit
398 4511 528 4578 elamor
550 4531 670 4576 eorum
695 4509 739 4574 ad
762 4515 868 4576 lleum
893 4509 938 4576 ab
961 4510 1124 4599 operibus
1151 4538 1166 4570 »
1195 4512 1262 4597 (Ex.
1294 4514 1399 4601 223).
1427 4518 1498 4591 Quo

179 4628 344 4710 tempore,
361 4620 388 4686 si
406 4619 458 4685 fas
472 4617 515 4683 sit
529 4639 548 4683 e
563 4615 744 4682 nominum
762 4614 879 4682 indole
898 4615 1055 4682 derivare
1072 4615 1343 4701 conclusionem,
1364 4618 1498 4686 videtur

182 4727 290 4795 tribus
314 4725 391 4819 Levi
416 4724 519 4791 fuisse
543 4723 666 4788 eximie
694 4721 768 4810 pia,
795 4727 832 4787 ut
855 4721 922 4788 illis
948 4727 1065 4811 postea
1087 4723 1267 4790 sacerdotii
1291 4724 1401 4790 honor
1428 4748 1499 4792 non
1559 4726 1591 4734 ”
1659 4725 1671 4747 '

180 4856 318 4924 prorsus
334 4832 513 4899 immeritis
527 4831 571 4896 sit
586 4827 781 4894 attributus,
