3554 5406
700 445 773 491 nou.
798 430 889 504 3217
913 447 976 499 soa.
1442 431 1500 491 355
1581 494 1588 506 ,

177 603 358 674 perqcmus
373 579 421 648 ad
435 579 608 670 proelium
628 591 709 648 ante
725 579 819 670 filios
838 579 958 661 lsrael,
975 578 1083 646 donec
1103 578 1363 646 introducamus
1382 601 1437 646 cos
1456 579 1504 646 ad

181 691 255 758 loca
270 712 352 758 sua¹
366 686 511 756 Parvuli
529 686 639 754 nostri
654 689 700 773 [et
713 685 887 778 quidquid
899 685 1021 754 babere
1036 689 1227 775 possumus]
1246 698 1346 753 erunt
1359 686 1398 752 in
1411 687 1503 759 urbi-

181 799 242 864 bus
259 795 405 862 muratis
422 805 565 884 propter
582 791 815 860 habitatorum
838 821 852 853 s
872 793 1118 880 indigenarum
1140 819 1156 853 «
1174 791 1342 882 [insidias]
1362 819 1392 858 n.
1409 815 1442 859 v.
1463 799 1503 862 18

185 931 200 965 a
222 905 299 971 Nou
318 913 525 968 revertemur
545 900 581 966 in
597 899 714 966 domos
728 912 880 977 nostras,
897 897 1091 989 usquedum
1102 895 1301 990 possideant
1314 898 1386 989 fita·
1398 898 1506 966 lsrael
1533 977 1538 989 Ι

182 1008 429 1077 haereditatem
443 1029 543 1074 suam
563 1033 593 1092 s,
612 1030 645 1075 v.
665 1013 707 1074 19
729 1005 1033 1098 «necquidquam
1053 1027 1255 1096 quaeremus
1275 1019 1367 1073 trans
1386 1005 1505 1073 Iorda-

183 1138 276 1201 nem,
309 1115 393 1204 quia
425 1115 495 1181 iam
526 1114 689 1180 babemus
718 1126 870 1180 nostram
899 1112 1144 1204 possessiouem
1174 1112 1211 1179 iu
1246 1112 1409 1180 orientali
1432 1114 1505 1179 eius

181 1221 292 1314 clara

223 1404 329 1456 Sensus
344 1416 369 1452 v.
390 1402 419 1451 tt
436 1401 527 1452 clarus
542 1416 548 1450 :
564 1400 778 1452 sobobscurum
797 1406 840 1451 est
856 1379 921 1459 ³:55
938 1406 1025 1458 nrum
1037 1380 1124 1484 vim·
1142 1400 1218 1452 Dure
1233 1400 1346 1466 quidam
1362 1405 1448 1457 namn
1464 1413 1507 1451 ae·

186 1495 292 1558 cipiunt
304 1505 355 1556 pro
369 1489 516 1554 participio
531 1488 637 1540 tonnae
652 1490 782 1553 passivae
798 1489 848 1540 sed
862 1501 963 1540 sensus
977 1490 1093 1540 antivia
1111 1494 1191 1551 vin,
1206 1489 1347 1553 festinare.
1364 1488 1435 1540 cum
1450 1489 1505 1540 Ion.

189 1580 262 1642 1,1t;
281 1579 343 1642 nli
367 1581 495 1630 nostrum
508 1579 614 1629 textum
628 1579 772 1642 repetant,
789 1578 843 1628 erit
862 1579 959 1642 utique
977 1590 1029 1642 pro
1050 1583 1152 1638 namn,
1164 1577 1360 1641 corrigendum
1378 1577 1510 1642 quodibi

185 1670 288 1733 legitur
299 1673 423 1728 uranon,
440 1667 557 1726 armoti;
573 1679 694 1730 quonum
708 1665 827 1716 tortasse
843 1671 999 1717 consonant
1018 1665 1094 1731 Vulq.
1108 1668 1171 1730 Sur.
1190 1666 1261 1716 Tum
1271 1679 1339 1718 vero
1353 1646 1430 1752 qssm
1443 1679 1509 1717 sen-

186 1771 248 1808 sum
264 1757 489 1820 habeat,oportet
504 1754 617 1806 affinem
632 1755 710 1805 verbi
725 1761 796 1820 nnn,
812 1757 945 1816 transire,
963 1755 1037 1819 quod
1051 1755 1093 1805 illi
1111 1760 1203 1806 textus
1217 1755 1332 1806 habent.
1348 1755 1435 1806 Porro
1447 1736 1510 1840 vin

187 1847 297 1911 proprie
310 1847 391 1897 sonat
403 1843 553 1905 detrahere,
569 1857 594 1893 v.
610 1857 638 1908 g.
655 1844 779 1894 calceum
793 1844 877 1894 Deut.
895 1844 957 1904 iss
972 1857 1015 1908 sq.
1031 1844 1102 1894 Hinc
1116 1844 1165 1894 Os.
1183 1843 1229 1904 5,o
1245 1849 1284 1926 qn
1299 1824 1362 1927 γὸτι
1374 1845 1511 1895 retrabere

186 1949 212 1986 se
231 1936 265 1985 ab
285 1934 478 1998 aliquantae
497 1934 560 1982 eine
579 1938 619 2018 qn
633 1945 754 1996 perqere.
773 1931 880 1983 Sensus
897 1933 983 1996 igitur
1003 1933 1031 1982 h.
1046 1932 1065 1981 1.
1082 1936 1126 1984 est
1143 1945 1150 1982 :
1170 1945 1309 1998 perqemus
1330 1935 1430 1983 armati
1450 1941 1510 1983 aute

188 2023 260 2074 illos.
273 2021 315 2073 Cf.
332 2035 414 2085 qerni.
431 2021 592 2072 ausziehen.

233 2175 391 2246 Potitioni
406 2177 453 2243 sio
467 2175 670 2243 emendatae
685 2175 870 2244 assentitur
885 2181 1009 2263 Moyses
1023 2177 1084 2258 ita,
1102 2181 1140 2243 ut
1153 2176 1386 2245 conditionem
1401 2199 1512 2245 serva-

188 2285 273 2354 turis
289 2305 427 2374 pacem,
445 2281 655 2369 neglecturis
666 2303 817 2372 poenam
833 2283 1064 2371 praenuntiet.
1085 2306 1117 2350 v.
1133 2289 1176 2350 20
1195 2311 1210 2344 u
1230 2284 1359 2365 Quibus
1379 2288 1513 2373 Moyses

188 2391 238 2459 ait
258 2412 270 2458 :
290 2389 330 2458 Si
341 2387 464 2477 facitis
483 2388 578 2479 qnod
590 2388 815 2478 promittitis,
838 2387 993 2479 expediti
1010 2391 1145 2480 perpete
1167 2411 1281 2458 coram
1302 2389 1448 2457 Domino
1467 2390 1516 2457 ad

187 2519 343 2588 puqnam
361 2523 390 2578 »,
417 2534 460 2545 -
478 2494 636 2584 prodosis
655 2495 842 2562 sententiae
860 2495 1101 2562 conditionalis
1120 2496 1165 2563 ab
1183 2495 1283 2564 initio
1298 2519 1332 2565 v.
1348 2504 1391 2564 20
1409 2519 1514 2587 usqne

189 2602 233 2671 ad
247 2624 280 2670 v.
297 2609 352 2669 22
370 2601 536 2692 pertingit
553 2622 561 2668 ε
578 2603 619 2668 Si
629 2601 750 2690 facitis
766 2601 861 2692 quod
867 2601 1076 2691 promittitis
1082 2653 1093 2687 ‚
1110 2603 1142 2668 si
1156 2603 1305 2693 perpitis
1322 2616 1399 2691 etc„
1419 2603 1515 2670 eritis

191 2708 415 2799 inculpabiles
427 2730 519 2773 -·v.
538 2713 578 2773 21
600 2735 617 2770 «
634 2719 667 2774 et
682 2708 794 2774 omnis
809 2707 862 2774 vir
877 2706 1020 2776 bellator
1040 2723 1194 2776 armatus
1209 2708 1391 2778 Iordanem
1407 2697 1516 2778 traus-

190 2829 261 2903 eat,
278 2815 383 2882 donec
403 2817 577 2881 subvertat
595 2816 759 2880 Dominus
780 2811 939 2881 inimicos
954 2835 1032 2882 suos
1054 2843 1083 2900 »‚
1103 2839 1136 2882 v.
1157 2822 1200 2882 22
1224 2844 1239 2877 u
1261 2829 1295 2882 et
1313 2817 1517 2885 subiiciatur

190 2923 222 2990 ei
249 2922 360 2988 omnis
384 2934 477 2987 terra
537 2933 618 2987 tunc
648 2921 742 2986 eritis
769 2907 999 3011 inculpabiles
1024 2921 1124 3010 apud
1148 2923 1336 2988 Dominum
1365 2935 1398 2988 et
1421 2921 1519 3012 apud

190 3028 297 3094 lsrael
303 3039 360 3107 ,at
376 3026 569 3092 obtinebitis
589 3027 744 3115 reqiones
764 3049 849 3116 quas
869 3027 973 3093 urrltis
989 3049 1104 3092 caram
1123 3027 1269 3094 Domino
1290 3056 1320 3093 a.
1338 3028 1440 3095 Hebr.
1457 3051 1470 3094 .·
1484 3042 1518 3095 ct

192 3135 257 3201 crit
276 3132 368 3198 cobis
387 3144 476 3199 terra
491 3130 573 3198 baec
586 3131 751 3219 possessio
772 3153 886 3198 eoram
901 3133 1059 3214 Domino,
1080 3155 1120 3198 eo
1136 3133 1380 3223 possessionem
1395 3156 1518 3220 agnos-

192 3245 300 3309 cente.
329 3261 362 3306 v.
386 3245 428 3304 23
453 3265 468 3298 n
488 3237 551 3304 Sin
572 3250 689 3308 autent
708 3237 804 3326 quod
823 3236 938 3304 dicitis
962 3261 1032 3304 non
1051 3238 1222 3326 feceritis,
1249 3239 1351 3328 [nulli
1375 3240 1517 3307 dubium

193 3350 268 3434 est,]
290 3345 375 3436 quin
391 3343 536 3434 peccetis
562 3343 600 3410 in
620 3347 752 3428 Derion·
770 3356 802 3410 et
825 3345 957 3430 scitote,
981 3345 1149 3434 quoniam
1169 3359 1349 3434 peccatum
1370 3360 1518 3414 ocstrcmr

193 3450 427 3544 apprehendet
447 3473 504 3517 eos
522 3478 552 3518 ».
568 3452 671 3516 Hebr.
690 3461 748 3516 :et
762 3449 876 3516 scietis
885 3463 1068 3541 peccatum
1082 3464 1247 3533 oestrum,
1262 3452 1356 3543 quod
1368 3453 1519 3521 inueniet

196 3581 266 3643 eos;
295 3581 354 3626 seu
378 3580 418 3624 ex
443 3556 621 3624 effectibus
648 3555 851 3643 intelligetis
878 3578 936 3624 vos
958 3579 1133 3647 peccasse,
1164 3558 1305 3649 quanda
1336 3560 1430 3627 mala
1456 3583 1519 3650 ap-

190 3664 406 3757 prehendent
422 3687 479 3730 uos
499 3663 629 3754 (LXX).
647 3668 723 3731 Post
742 3663 945 3754 explicatam
969 3663 1199 3733 conditionem
1220 3667 1364 3756 petitam
1385 3668 1520 3736 veniam

196 3772 353 3841 concedit
372 3776 497 3858 Moyses
519 3792 551 3835 v.
577 3773 620 3836 22
646 3790 653 3837 :
678 3797 694 3832 «
717 3769 906 3859 Aedificate
928 3793 1009 3860 erqo
1032 3770 1132 3840 nrbes
1147 3773 1306 3862 parvulis
1328 3775 1464 3859 vestris,
1489 3786 1520 3839 et

196 3878 314 3948 caritas
341 3879 385 3964 [et
410 3875 557 3964 stabula]
582 3875 700 3943 ovibus
723 3880 775 3964 [ac
801 3876 993 3964 iumentis],
1019 3889 1052 3944 et
1077 3879 1171 3965 quod
1183 3879 1339 3970 polliciti
1358 3879 1436 3946 estis
1457 3880 1521 3946 im-

192 3987 285 4080 plete
303 4013 332 4054 ».

243 4091 382 4159 Gadiiae
405 4096 440 4156 et
460 4088 648 4158 Rubenitae
669 4087 788 4177 Moysis
808 4091 993 4160 arbitrium
1015 4097 1211 4181 acceptant,
1234 4092 1386 4183 primunr
1407 4118 1522 4166 eoram

199 4199 285 4289 ipso,
303 4197 385 4265 dein
404 4217 518 4262 eoram
536 4196 656 4285 populi
671 4195 904 4285 principibus,
921 4219 990 4286 quo
1008 4196 1095 4265 illud
1115 4203 1256 4287 paetum
1276 4202 1391 4269 evadit
1406 4203 1522 4294 publi-

201 4325 291 4372 cum.
313 4325 345 4369 v.
361 4309 403 4368 25
424 4330 440 4364 «
464 4301 702 4391 Diaeruutque
719 4301 790 4391 filii
810 4301 889 4370 Gad
908 4316 940 4370 et
964 4306 1082 4371 Ruben
1101 4303 1149 4371 ad
1166 4308 1307 4396 Moysen
1327 4330 1340 4375 .·
1359 4311 1460 4378 Serui
1472 4309 1524 4378 tui

201 4410 353 4499 [sumus],
367 4409 537 4497 faciemus
556 4402 650 4499 quod
664 4407 756 4474 iubet
771 4407 931 4476 dominus
944 4421 1058 4477 noster
1074 4439 1104 4478 ».
1123 4435 1156 4480 v.
1175 4419 1217 4479 26
1234 4443 1249 4476 «
1267 4417 1432 4484 Parvulos
1446 4440 1524 4484 nos-

110 4595 112 4600 ,
201 4531 269 4585 tros
289 4527 321 4583 et
339 4515 501 4582 mulieres
521 4527 554 4582 et
567 4537 695 4605 pecora
714 4537 754 4582 ac
775 4515 930 4583 iumenta
953 4544 969 4579 »
988 4517 1121 4605 aurisia,
1138 4541 1209 4609 qua
1227 4520 1349 4590 ultima
1370 4546 1451 4592 voce
1474 4523 1525 4590 uti

202 4633 282 4706 31,9
296 4622 542 4709 intelliguntur
555 4622 709 4690 iumenta
724 4621 881 4689 oneraria
897 4622 1059 4714 (attin),
1082 4653 1099 4686 a
1122 4624 1358 4717 relinquemus
1377 4629 1414 4697 in
1434 4632 1524 4698 urbi·

204 4735 262 4799 bus
286 4726 423 4798 Galaad
444 4756 473 4795 s.
496 4751 527 4793 v.
551 4734 594 4794 27
619 4754 635 4789 «
659 4730 729 4796 Nos
754 4739 869 4795 autem
889 4729 1022 4817 famuli
1044 4731 1097 4798 tui
1118 4754 1233 4800 omnes
1259 4761 1275 4796 a
1302 4735 1351 4804 ad
1370 4759 1525 4828 puqnam

205 4866 221 4900 «
248 4836 401 4928 expediti
420 4856 603 4927 perqemus
627 4863 643 4896 »
664 4856 780 4902 coram
797 4833 898 4902 labae
924 4863 940 4898 u
959 4835 1007 4904 ad
1029 4836 1170 4926 bellum,
1188 4841 1278 4908 sieect
1297 4855 1347 4926 tu,
1369 4842 1522 4930 domine,
