3554 5406
112 421 132 502 J
237 427 298 490 aie·
697 439 735 482 os
757 439 847 484 osnes
869 439 909 482 111
932 435 1098 482 1011111111.

10 619 22 634 ‚.
71 647 72 650 ,
163 529 172 546 'i
238 577 303 646 bus
322 578 422 644 Hebr.
441 575 612 666 praefigit.
636 559 827 640 11111111
848 572 906 653 ci,
931 593 1019 660 quae
1044 569 1244 637 dicebamus
1265 569 1307 636 ad
1329 556 1575 637 nomenante:

156 697 157 700 ’
240 692 453 766 13,10-v.
475 688 519 748 27
540 709 555 742 «
580 681 621 748 rie
640 678 731 746 tribu
750 681 846 760 Aser,
863 676 982 744 Abind
990 676 1085 766 filins
1099 675 1234 744 Salomi
1249 691 1480 756 »;-·11ι“111·111
1494 676 1562 744 ior-

62 837 77 854 2
119 811 120 814 ’
237 799 322 857 tasse
349 797 363 856 i
388 793 464 856 Par.
486 794 545 872 8,7
570 788 795 877 deprevatum
820 784 948 871 legitur
972 783 1007 850 in
1034 798 1273 850 111111111-11,
1302 781 1446 848 181110
1473 781 1562 848 tribu

14 897 26 962 ς’
44 933 50 940 -
183 975 185 978 ,
237 894 438 986 Nepbtboli,
455 893 608 962 Pbedoel
625 893 721 982 filius
738 887 903 957 Aornn'nd
919 917 935 951 s
952 889 1009 980 (ci.
1028 912 1060 955 v.
1083 893 1153 976 20).
1167 913 1197 955 v.
1216 896 1257 955 es
1275 917 1291 950 «
1310 889 1357 955 Hi
1371 901 1468 973 111111,
1486 888 1563 980 qni·

14 1009 35 1034 “
237 1005 298 1070 bns
308 1001 484 1093 proecepit
496 999 679 1081 Dominus,
698 1011 735 1064 nt
751 997 944 1066 dividerent
955 995 1042 1086 liliis
1057 995 1166 1063 lsrael
1181 1008 1307 1063 terrene
1324 994 1490 1064 Cbenoon
1507 1022 1537 1062 11.

326 1259 357 1318 3.
384 1255 432 1316 De
456 1249 594 1316 urbibus
614 1247 795 1314 levitarum
820 1260 852 1314 et
875 1245 1011 1335 resnpii
1034 1243 1255 1336 ussiqnondis
1278 1247 1383 1313 Num.
1412 1251 1465 1311 35.

626 1467 648 1499 a.
665 1453 702 1500 De
718 1450 821 1498 urbibus
837 1451 970 1498 levitarum
985 1449 1060 1498 Num.
1077 1447 1161 1510 31111.

280 1643 362 1730 Arp.
385 1678 429 1690 -
455 1639 593 1721 Levitis,
615 1643 686 1704 tam
707 1635 945 1704 sacerdotibus
965 1657 1069 1726 quam
1093 1632 1309 1725 simplicibus
1331 1634 1460 1718 levitis,
1483 1635 1563 1702 assi·

237 1741 397 1834 guandae
417 1751 494 1812 sunt
513 1744 616 1812 urbes
635 1743 777 1811 omnino
796 1742 1027 1832 quadraginta
1041 1747 1128 1809 octo.
1146 1745 1260 1832 Neque
1276 1749 1391 1809 tamen
1408 1741 1562 1828 singulae

236 1853 415 1920 duodecim
429 1851 540 1918 tribus
561 1849 785 1937 assignabunt
807 1849 909 1916 urbes
930 1854 1129 1939 quaternae,
1146 1847 1206 1916 sed
1226 1847 1341 1938 plures
1357 1849 1409 1915 vel
1426 1845 1563 1938 paucio·

237 1981 306 2038 res,
322 1965 426 2049 prout
441 1957 607 2048 cuiusque
629 1956 741 2024 tribus
754 1956 893 2023 termini
912 1956 1050 2035 latiores
1067 1959 1167 2022 erunt
1180 1961 1240 2022 aut
1255 1955 1480 2041 angustiores.
1498 1959 1562 2022 Ea-

238 2088 313 2133 rum
333 2086 439 2154 porro
460 2064 597 2131 urbium
617 2065 709 2129 cives
732 2062 854 2130 Levitis
877 2061 1067 2128 concedent
1088 2083 1166 2128 cum
1189 2060 1307 2128 domos
1330 2061 1374 2128 ad
1401 2061 1562 2128 habiten-

210 2173 336 2256 ¹dum,
353 2177 428 2238 tum
447 2169 649 2238 animalium
672 2191 820 2259 procrea,
843 2189 992 2258 quorum
1022 2167 1171 2236 ambitus
1200 2173 1358 2234 accurate
1387 2167 1560 2234 definitur.

238 2285 361 2346 Earum
377 2283 555 2367 praetcrea
572 2276 710 2344 urbium
726 2297 783 2342 sex
803 2275 872 2341 sint
887 2279 1022 2364 oportet
1042 2297 1060 2342 e
1080 2296 1225 2342 numero
1246 2296 1381 2358 earum,
1404 2296 1492 2364 quae
1513 2273 1562 2342 ci-

238 2375 357 2453 vitates
372 2383 500 2470 refugii
517 2381 803 2470 designabantur,
820 2403 901 2447 sane
922 2381 968 2448 ob
989 2403 1065 2449 eam
1085 2380 1299 2472 potissimum
1319 2380 1506 2463 rationem,
1525 2393 1568 2459 ut

237 2491 299 2580 qui
319 2489 527 2579 sanguinem
547 2487 708 2556 innocens
728 2488 870 2556 ledisset
891 2487 1004 2554 Levita
1018 2494 1131 2576 posset
1146 2488 1190 2555 ad
1206 2509 1283 2554 suos
1302 2492 1413 2554 lutum
1428 2509 1463 2554 se
1480 2487 1566 2556 reci·

237 2620 329 2687 pere.
759 2658 764 2664 .
1072 2663 1076 2674 ,

285 2707 369 2792 Gap.
387 2705 482 2770 XXX
488 2705 556 2768 Vv.
577 2710 592 2769 1
612 2729 628 2763 κ
648 2704 741 2769 Haec
756 2723 890 2791 quoqne
911 2699 1044 2768 locutus
1060 2711 1109 2768 est
1124 2701 1290 2768 Dominus
1303 2699 1352 2767 ad
1370 2703 1511 2790 Moysen
1527 2702 1563 2766 in

238 2808 481 2898 campestribus
501 2810 600 2874 Moab
620 2829 725 2897 semro
743 2805 942 2886 Iordanem,
967 2821 1086 2874 contro
1109 2807 1241 2875 Iericho
1260 2835 1275 2868 s
1299 2829 1306 2876 :
1329 2829 1360 2873 v.
1384 2814 1404 2873 2
1425 2834 1441 2868 1
1458 2810 1564 2874 Proe-

239 2914 312 3004 cipc
323 2913 410 3003 filiis
424 2913 533 2981 lsrael
540 2967 547 2998 ,
562 2927 600 2980 ut
616 2913 697 2980 dent
711 2913 838 2980 Levitis
858 2911 900 2979 de
910 2913 1183 3003 possessionibus
1201 2913 1273 2980 suis
1292 2941 1307 2975 s
1325 2913 1564 2981 baerediiorr'is

240 3045 271 3086 v.
285 3028 304 3088 3
319 3049 334 3084 «
347 3021 443 3088 urbes
453 3020 502 3088 od
511 3019 750 3102 habitandum,
768 3031 800 3086 et
813 3022 1008 3086 suburbano
1023 3043 1141 3088 earnm
1143 3043 1209 3112 per
1219 3019 1404 3087 circuitum
1423 3049 1452 3102 s,
1467 3036 1528 3108 nii
1544 3044 1564 3087 a

239 3141 313 3200 11111,
330 3127 474 3211 minori,
493 3148 578 3213 ergo
588 3149 737 3216 pascito,
753 3152 769 3188 11
784 3137 822 3193 ut
836 3125 904 3216 ipsi
917 3125 955 3193 in
974 3126 1109 3218 oppidis
1122 3141 1302 3209 maneant,
1319 3139 1352 3194 et
1368 3128 1564 3194 suburbana

238 3234 307 3301 sint
319 3217 502 3324 pecoribus
521 3255 561 3300 oc
582 3232 743 3299 iumentis
763 3261 794 3299 s.

181 3463 183 3472 ,
276 3416 338 3464 tir
354 3413 428 3478 Vulp.
446 3414 586 3466 interduo
602 3413 701 3463 ultima
712 3415 827 3463 nomina
839 3415 971 3476 ignorant
985 3419 1009 3462 et
1021 3416 1186 3479 possessioni
1200 3427 1306 3476 eorum,
1323 3413 1398 3478 quod
1411 3427 1511 3478 reapse
1525 3413 1565 3463 vl·

240 3503 320 3553 1101111
343 3501 495 3553 abundare.
520 3503 662 3553 Animalia
683 3503 786 3566 quippe
808 3503 902 3552 omnia
921 3501 1076 3553 domestice
1095 3507 1143 3554 aut
1162 3515 1265 3567 pecora
1277 3506 1343 3554 sunt
1357 3506 1404 3554 aut
1420 3505 1562 3554 iumenta:

241 3591 307 3654 quid
319 3597 414 3641 autem
428 3591 554 3654 reliquae
572 3591 735 3655 possessioni
758 3591 978 3654 1000111111-
994 3589 1087 3641 Monet
1107 3593 1177 3652 Cot,
1193 3591 1285 3655 quoad
1304 3592 1458 3643 dominium
1478 3591 1565 3642 tuisse

241 3681 291 3728 iras
306 3679 389 3728 urbes
404 3679 539 3740 tribuum,
557 3679 650 3742 quoad
669 3679 713 3730 lus
734 3678 880 3729 habitandi
901 3679 1070 3730 Levitarum.
1091 3679 1146 3730 Sed
1169 3680 1317 3731 dicendum
1337 3685 1394 3740 est,
1409 3692 1502 3744 neque
1521 3681 1565 3730 ius

240 3767 384 3818 babitandi
399 3766 573 3817 exclusivum
586 3767 679 3831 quoad
694 3764 758 3818 illas
772 3767 857 3818 urbes
878 3780 1042 3819 conccssum
1062 3781 1126 3819 esse
1140 3767 1247 3820 Levitis
1263 3781 1270 3819 :
1286 3770 1451 3820 habitabant
1465 3769 1494 3819 in
1509 3769 1565 3820 lllls

241 3859 350 3920 praeter
365 3855 478 3906 Levites
493 3857 578 3906 etiam
595 3856 680 3916 cives,
693 3855 729 3906 ad
741 3868 860 3920 qnorum
871 3857 974 3907 tribum
984 3857 1050 3907 urbs
1060 3859 1220 3922 pertineret.
1234 3857 1265 3908 Id
1278 3860 1355 3923 patet
1365 3859 1430 3909 inde
1444 3856 1477 3923 l),
1491 3857 1565 3922 quod

241 3951 334 3996 tesius
350 3958 407 3996 non
427 3947 510 4008 cogat
529 3943 675 3995 admittere
690 3944 767 3995 solos
782 3945 896 3996 Levites
910 3945 940 3994 in
953 3945 1009 3994 illis
1020 3945 1136 3997 urbibus
1154 3947 1311 4008 habitasse,
1328 3948 1394 3997 dum
1408 3951 1503 3998 textus
1516 3947 1564 3997 aiii

241 4035 412 4084 contrarium
425 4035 556 4084 evincunt
569 4045 575 4082 :
590 4045 682 4097 neque
694 4031 846 4084 sichimam
857 4046 949 4098 neque
965 4034 1126 4086 Gabaonern
1140 4034 1207 4102 (los.
1221 4035 1312 4097 atii.
1326 4035 1371 4102 iil
1386 4036 1439 4086 soli
1449 4036 1565 4088 Levitae

241 4123 400 4173 incolebant
415 4119 481 4188 (Ios.
500 4121 529 4182 9;
546 4121 606 4172 11111.
625 4119 690 4187 ar).
709 4119 735 4187 i)
748 4122 770 4171 11
783 4135 852 4172 sane
870 4125 1021 4174 nouerant
1040 4125 1093 4174 soii
1108 4124 1219 4174 urbium
1232 4125 1354 4186 incolae,
1372 4125 1406 4175 ed
1422 4137 1493 4194 quos
1508 4137 1564 4174 non

240 4214 316 4260 totus
329 4211 440 4261 urbium
455 4222 523 4274 ager
541 4211 700 4274 pertinebat
718 4222 723 4258 :
740 4212 782 4272 at,
802 4223 859 4261 nou
873 4212 963 4261 totum
980 4225 1076 4264 earum
1094 4213 1206 4263 urbium
1226 4225 1326 4278 agrum
1344 4226 1432 4277 penes
1452 4214 1565 4264 Levites

241 4299 336 4360 luisse,
351 4298 424 4349 inira
434 4297 697 4349 demonstrabimus.
711 4296 738 4364 3)
752 4298 859 4359 Quodsi
872 4301 946 4350 totae
957 4296 1022 4351 illae
1032 4301 1124 4362 urbes,
1137 4304 1221 4352 etiam
1231 4302 1384 4353 nobiliores
1394 4303 1436 4352 utl
1450 4301 1565 4354 Hebron

241 4395 269 4438 01
285 4387 406 4448 Sichem,
423 4386 585 4437 Levitarum
600 4391 688 4448 erant,
702 4387 824 4438 ambitus
838 4400 1008 4452 pascuorum
1020 4403 1047 4440 v.
1066 4390 1079 4440 l
1093 4403 1136 4454 sq.
1151 4390 1306 4455 descriptus
1319 4391 1473 4443 certissime
1488 4390 1564 4442 111111-

240 4489 288 4526 rus
302 4479 362 4526 erat
376 4473 559 4526 insufficiens.
578 4473 602 4542 1)
620 4475 650 4525 Si
663 4475 716 4525 soli
731 4473 847 4527 Levitae
867 4489 917 4527 sex
931 4478 1058 4529 civitates
1079 4478 1179 4544 refugii
1195 4480 1367 4542 incolebant,
1380 4493 1452 4544 quae
1466 4491 1564 4531 ornnes

241 4567 320 4615 erant
335 4565 364 4613 ln
379 4576 495 4614 numero
515 4563 703 4628 quodraginta
722 4569 784 4614 ocio
804 4567 948 4616 civitatum
960 4568 1148 4630 leviticarum,
1165 4571 1325 4634 quicunque
1338 4570 1410 4620 alius
1420 4567 1563 4620 cuiusdam

242 4655 330 4704 tribus
345 4652 430 4704 homo
445 4653 614 4716 sanguinem
630 4653 768 4703 innocens
782 4652 915 4716 ledisset,
934 4654 1053 4707 debebat
1068 4652 1097 4707 in
1110 4657 1270 4709 Leviterum
1285 4659 1448 4710 societatem
1460 4658 1562 4722 recipi,

241 4741 333 4805 quoad
347 4743 408 4792 eius
422 4739 584 4793 innocentia
597 4741 763 4806 probaretur
780 4743 878 4808 :etqui
893 4743 921 4793 id
936 4745 1088 4809 plurimum
1105 4751 1291 4810 repugnasset
1307 4747 1395 4799 indoli
1407 4747 1565 4799 sanctitatis

242 4832 380 4881 leviticae.
393 4857 429 4868 -
445 4829 526 4890 Quod
541 4843 625 4894 porro
638 4831 733 4882 obiicit
745 4832 767 4882 i.
785 4830 962 4885 tifellbonsen
978 4831 1193 4902 (prolegomena
1207 4849 1256 4887 zur
1269 4835 1435 4888 Gesohichte
1450 4835 1562 4896 israele,
