3538 5404
287 436 325 494 {8
712 450 789 496 acre
810 449 964 496 smirnos
985 449 1177 496 rossi-:monn

285 584 331 650 sis
353 582 496 650 secundi
518 611 552 664 n,
574 582 695 650 eodem
717 583 790 664 die,
808 607 878 674 quo
898 607 930 650 v.
960 592 975 651 1
998 588 1085 651 [leus
1105 583 1149 650 ad
1168 587 1301 671 Moysen
1328 583 1461 651 locutus
1483 591 1550 669 est,
1569 592 1607 652 ut

284 691 420 757 nullum
443 698 633 780 superesset
654 694 790 781 tempus
817 689 1028 758 edendarum
1052 690 1273 780 querelarum
1297 689 1341 758 de
1365 690 1461 758 novis
1484 692 1606 760 creatis

284 796 498 887 principibus
520 796 647 886 iisque,
676 797 737 886 qui
764 797 907 864 fortasse
934 797 1154 886 praefuerant
1176 801 1295 878 antea,
1327 797 1510 880 submotis3
1541 821 1606 866 nu-

285 905 447 986 meratio,
470 903 521 969 uti
545 909 656 993 patet,
683 926 753 970 non
784 903 885 970 unico
911 902 966 969 die
996 902 1151 970 absoluta
1175 909 1241 984 est;
1269 931 1285 964 u
1314 919 1524 971 recensentes
1550 927 1606 972 eos

277 1032 343 1100 per
366 1009 587 1098 coqnationes
610 1023 643 1076 ct
666 1008 782 1076 domos
803 1013 856 1098 [cc
869 1009 1040 1099 familias]
1064 1021 1096 1075 et
1118 1009 1233 1099 capito
1259 1022 1292 1076 et
1318 1010 1460 1078 nentina
1483 1011 1605 1101 sinqu-

283 1116 410 1197 lorum,
426 1139 448 1182 c
467 1115 632 1204 vicesimo
656 1139 747 1182 anno
773 1129 805 1183 et
825 1138 931 1206 supra
953 1143 983 1184 n.
1012 1115 1113 1182 Hebr.
1131 1136 1145 1180 .·
1164 1117 1209 1180 Et
1230 1114 1492 1184 declaraverunt
1506 1141 1605 1184 stram

281 1223 538 1311 qenerctionem
561 1221 747 1290 secundnm
768 1224 1010 1312 coqnanonem
1035 1245 1133 1290 snam
1159 1229 1208 1302 et,
1231 1223 1323 1289 intra
1346 1225 1602 1310 cognationem,

282 1329 400 1418 qnond
420 1329 634 1418 petroccicrn
663 1352 761 1395 secam
793 1334 842 1410 et,
869 1330 960 1396 intra
992 1329 1099 1411 hanc,
1128 1328 1165 1394 c'n
1188 1351 1330 1395 rcnmero
1351 1328 1547 1418 nominum,
1573 1338 1605 1398 et

282 1435 422 1525 quidem
438 1458 504 1526 per
527 1436 663 1522 singula
688 1435 818 1527 cupita.
846 1439 976 1503 Nomen
997 1435 1143 1525 quisque
1163 1435 1355 1516 indicabat,
1381 1437 1523 1504 nomina
1544 1459 1604 1504 seu

283 1542 397 1631 capita
420 1543 703 1624 numerabantur,
729 1565 797 1610 non
814 1548 929 1610 tamen
952 1543 1107 1609 omnium
1122 1543 1283 1624 omnino,
1308 1542 1368 1608 sed
1396 1566 1418 1609 a
1447 1554 1526 1609 nato
1552 1544 1604 1608 ci-

281 1649 374 1736 qintc'
398 1671 570 1714 creatorum
600 1661 632 1714 et
658 1672 775 1738 supro.
805 1651 897 1715 LXX
922 1654 1140 1733 ἑπηξονεῠσαν,
1169 1648 1207 1713 in
1234 1649 1367 1716 tubulas
1394 1649 1601 1731 retulerunt,

282 1776 356 1821 rem
385 1754 577 1841 cogitavere
602 1754 727 1844 scripto
750 1777 821 1822 esse
848 1756 991 1835 laetam,
1018 1776 1130 1843 neque
1152 1754 1436 1845 improbabiliter,
1459 1777 1537 1824 cum
1555 1760 1605 1823 tot

281 1861 351 1927 alia
373 1867 498 1948 Moyses
523 1861 657 1951 seriptis
681 1863 917 1945 mandaverit,
942 1883 1021 1928 cum
1043 1860 1136 1927 inter
1161 1860 1329 1929 Hebraeos
1352 1862 1469 1951 plures
1492 1869 1604 1930 essent

281 1967 413 2034 scribae
437 1968 506 2056 (Ex.
536 1969 647 2057 5,1t),
673 1975 706 2034 et
734 1989 811 2035 eum
835 1989 954 2035 census
980 1967 1172 2055 descriptus
1200 1973 1289 2035 certe
1312 1967 1475 2058 deinceps
1500 1968 1603 2056 longe

281 2073 398 2140 utilior
419 2081 505 2142 esset
532 2075 676 2142 futurus.
705 2096 738 2140 v.
771 2082 808 2142 te
834 2101 849 2135 κ
877 2075 976 2140 Sicut
996 2086 1220 2163 praeceperat
1242 2075 1410 2142 Dominus
1432 2075 1544 2164 Moysi
1570 2103 1599 2139 n.

281 2179 329 2246 ul.
348 2203 379 2245 v.
403 2186 461 2262 5t3
480 2185 578 2262 n,3t;
597 2187 688 2262 ΜΠ.
712 2188 766 2248 tt.
790 2188 844 2249 t5.
866 2188 907 2250 ts
928 2189 993 2247 ete.
1023 2211 1037 2242 α
1061 2180 1402 2270 Nunccratr'qucsnnt
1420 2181 1457 2248 in
1472 2180 1601 2248 deserto

280 2286 383 2353 Sinai
399 2315 413 2346 n
435 2287 493 2376 (cl,
523 2311 554 2354 v.
579 2287 625 2375 1).
653 2291 736 2356 Cum
756 2288 821 2354 hoc
843 2289 933 2355 iacto
954 2287 1152 2376 principum
1166 2309 1200 2356 v.
1216 2295 1298 2354 545
1313 2288 1498 2356 auctoritas
1512 2288 1602 2355 nita·

280 2399 347 2473 tur,
372 2400 406 2460 et
426 2416 495 2483 quo
520 2415 641 2463 census
664 2393 826 2484 deinceps
851 2393 1005 2481 singulas
1028 2393 1176 2460 familias
1201 2392 1399 2461 describens
1418 2395 1603 2462 haberetur

281 2500 525 2567 documentum
556 2499 812 2581 authenticum,
839 2499 1046 2568 adscribitur
1074 2499 1174 2566 lahve
1200 2507 1234 2567 et
1258 2501 1376 2586 Moysis
1400 2501 1598 2580 auctoritas,

279 2612 415 2695 tempus
434 2611 467 2672 et
481 2606 576 2673 loeus
591 2612 748 2673 accurate
764 2605 1052 2673 determinantur.

324 2717 395 2778 Non
412 2717 503 2778 totus
518 2735 639 2779 census
654 2711 813 2790 traditur,
839 2713 897 2778 sed
917 2711 1135 2798 singularum
1150 2711 1304 2779 tribuum
1323 2733 1468 2778 summa.
1482 2713 1602 2780 Tribus

281 2841 336 2901 eo,
355 2840 423 2907 quo
444 2840 477 2884 v.
500 2825 589 2898 545,
608 2818 727 2885 ordine
753 2824 988 2900 recensentur3
1006 2826 1121 2885 tamen
1145 2817 1315 2886 inlocum
1341 2818 1434 2900 Levi,
1452 2821 1512 2908 qui
1531 2842 1601 2892 non
1645 2857 1648 2864 ·

281 2931 330 2991 est
344 2931 560 3008 numeratus,
578 2924 729 2993 succedit
742 2924 824 2991 Gad.
847 2925 1021 2992 Deficienti
1046 2946 1093 2991 sc.
1115 2925 1173 2992 uni
1195 2925 1273 2992 hiae
1293 2926 1364 2992 tilio
1383 2925 1461 2992 Levi
1476 2925 1601 2992 substi-

279 3031 388 3097 tuitur
416 3030 505 3108 Gad,
533 3031 702 3097 maximus
728 3035 809 3098 natu
838 3031 989 3098 fihorum
1022 3031 1185 3120 zelphae,
1218 3054 1307 3120 quae
1335 3032 1447 3098 fuerat
1476 3033 1602 3098 ancilla

279 3137 369 3205 Liae.
390 3137 470 3206 Line
493 3138 637 3227 posteris
659 3137 807 3226 Zelphae
827 3138 941 3227 proles
970 3136 1152 3205 videbatur
1174 3159 1247 3204 esse
1272 3139 1384 3224 magis
1409 3139 1601 3206 necessaria

277 3265 380 3336 quam
409 3244 519 3310 tribus
545 3267 563 3311 e
589 3243 736 3312 Rachele
763 3245 816 3310 vel
847 3244 927 3311 Belo
956 3249 1062 3310 ortae.
1092 3245 1255 3322 Advorte,
1286 3245 1325 3309 in
1351 3243 1427 3311 aliis
1449 3243 1601 3311 elenchis

277 3353 373 3437 (Gen.
396 3357 497 3430 3523
517 3372 612 3439 sqq.;
635 3357 713 3428 h6,8
735 3372 832 3440 sqq.;
852 3354 909 3416 Ex.
940 3356 995 3432 1‚2
1018 3353 1106 3440 sqq.)
1122 3349 1251 3439 primos
1273 3351 1442 3416 recenseri
1456 3373 1511 3418 sex
1525 3351 1600 3417 liae

277 3456 383 3539 filios,
406 3456 485 3524 dein
513 3455 670 3523 Rachelis
697 3456 820 3540 du0s1,
851 3456 990 3523 tandem
1020 3457 1151 3522 incerto
1170 3456 1292 3523 ordine
1323 3457 1413 3522 filios
1442 3457 1543 3524 Balae
1566 3462 1601 3523 et

277 3563 435 3654 Zelphae.
456 3561 564 3630 Habes
593 3561 701 3648 igitur
730 3563 903 3652 oppositas
926 3562 1073 3628 invicem
1104 3561 1161 3628 hic
1184 3585 1241 3628 sex
1260 3561 1370 3639 tribus
1400 3585 1418 3630 e
1441 3562 1500 3630 Lia
1520 3585 1600 3653 pro·

278 3677 415 3756 gnatae,
445 3668 495 3735 ibi
519 3674 648 3759 septem
675 3669 786 3737 tribus
815 3691 882 3735 nou
913 3692 931 3734 e
968 3668 1026 3736 Lia
1054 3668 1233 3751 oriundas,
1263 3669 1363 3735 initia
1392 3667 1599 3737 invidiarum

276 3777 367 3845 inter
394 3776 476 3842 luda
502 3781 534 3842 et
562 3775 675 3842 lsrael.
704 3776 766 3842 Ubi
789 3797 890 3864 porro
914 3777 1009 3857 Levi,
1033 3797 1100 3843 uua
1126 3775 1283 3843 tribuum
1310 3797 1327 3841 e
1352 3776 1409 3842 Lia
1433 3775 1600 3842 oriunda-

276 3907 370 3962 rum,
388 3907 427 3951 ex
446 3883 518 3950 acie
534 3882 765 3971 pugnantium
781 3882 873 3948 iussa
896 3888 945 3948 est
966 3882 1089 3970 pedem
1104 3889 1195 3949 retro
1210 3883 1314 3965 ferre,
1334 3881 1600 3972 opponebantur

276 3993 346 4059 iam
376 3995 507 4078 septem
537 3989 605 4056 illis
637 3988 795 4055 tribubus
819 3989 911 4054 solae
943 3988 1100 4076 quinque
1133 3987 1241 4055 tribus
1273 3990 1372 4054 eLia
1398 3995 1596 4078 prognatae.

277 4103 417 4186 Moyses,
442 4100 481 4162 ut
511 4094 756 4185 aequilibrium
794 4095 987 4161 restitueret
1017 4103 1050 4160 et
1086 4093 1224 4160 invidiis
1253 4094 1492 4183 praecluderet
1524 4093 1598 4161 adi·

276 4209 366 4284 tum,
393 4202 479 4282 Gad,
504 4201 634 4268 tribum
660 4222 677 4267 e
702 4202 829 4291 Zelpha
854 4200 1052 4281 oriundam,
1080 4200 1237 4290 partibus
1262 4201 1425 4267 concessit
1448 4201 1599 4267 liliorum

278 4311 367 4374 liae.
391 4311 473 4374 Hinc
490 4309 646 4376 effectum
663 4315 730 4388 est,
756 4314 792 4375 ut
814 4331 833 4374 a
859 4313 957 4396 parte
976 4306 1079 4374 Iudae
1096 4314 1208 4374 esseut
1233 4306 1417 4374 bellatores
1439 4313 1596 4390 337,850·,

277 4439 297 4482 a
325 4421 423 4504 parte
449 4415 552 4480 lsrael
581 4420 740 4498 265,700.
768 4415 801 4480 Si
830 4412 902 4480 Gad
924 4413 1056 4480 Israelis
1085 4412 1176 4501 parti
1197 4412 1404 4496 accessisset,
1426 4413 1599 4480 habuisset

276 4521 362 4588 haec
381 4518 563 4586 bellatores
589 4527 735 4598 311,350
750 4525 869 4586 contra
883 4519 1067 4586 bellatores
1084 4525 1231 4598 mtto
1254 4519 1361 4609 partis
1382 4519 1534 4585 alterius
1555 4557 1599 4568 -

311 4779 435 4829 1.Solun1
458 4781 520 4829 Gen.
544 4779 573 4826 tt
596 4776 641 4826 tilii
659 4777 766 4841 zelphae
789 4775 897 4828 ancillae
920 4777 978 4827 hiae
996 4778 1195 4840 praemittuntur
1214 4776 1271 4826 filiis
1287 4774 1393 4838 hachel,
1405 4778 1431 4825 et
1448 4777 1494 4826 Ex.
1513 4781 1551 4834 1,5
1566 4775 1599 4825 oh

273 4857 408 4924 specialem
422 4858 547 4908 rationem
562 4871 576 4908 e
590 4855 649 4907 hilis
662 4857 755 4909 Rachel
771 4858 876 4921 loseph,
896 4871 945 4908 nou
960 4869 1022 4907 vero
1036 4857 1182 4922 Beniamin,
1201 4855 1232 4906 ad
1245 4857 1339 4907 calcem
1356 4853 1493 4918 relegatur.
