3528 5402
272 324 329 384 134
770 342 806 385 nn
828 342 909 386 smel
933 341 964 384 m
985 342 1086 385 cneus.

271 479 304 539 et
319 481 523 558 arroganter
542 479 575 540 et
593 475 776 564 imperium
792 475 859 543 sibi
874 481 1022 542 sumeret
1038 481 1163 562 Moyses
1175 477 1208 540 et
1222 481 1393 540 exerceret
1408 501 1423 534 a
1440 473 1593 562 (lietu).

272 583 466 664 Agnoscunt
480 579 622 667 ¹quidem
642 603 675 648 v.
693 588 726 663 3,
748 587 879 669 Moysen
899 603 979 648 vere
998 579 1093 670 apud
1110 581 1204 670 ipsos
1221 580 1352 647 cultum
1371 581 1473 646 lahve
1495 580 1596 646 insti-

272 685 375 752 tuisse
392 707 431 751 ae
454 686 581 753 laliven
600 708 679 754 vere
700 687 858 754 habitare
879 690 916 755 in
936 687 1129 755 sanctuario
1150 709 1213 776 per
1233 691 1366 773 Moysen
1388 692 1554 754 exstructo
1582 709 1593 754 τ

272 793 408 877 lingunt
426 799 540 858 autem
560 797 694 880 Moysen
714 793 833 883 inique
856 816 994 861 omnem
1013 794 1077 860 sibi
1097 792 1260 882 deinceps
1279 793 1517 858 auctoritatem
1538 813 1597 859 ar-

272 919 408 984 rogasse
426 897 564 988 suisque
586 899 817 967 sacerdotium
838 923 1035 968 reservasse.
1056 923 1088 966 v.
1105 907 1145 967 tt
1168 927 1184 961 a
1200 902 1326 964 Revera
1342 897 1512 964 induxisti
1527 921 1592 965 nos

275 1003 310 1068 in
332 1017 473 1088 terram,
498 1028 586 1094 quoe
604 1005 688 1094 stau
705 1006 809 1095 [rivis]
824 1007 921 1074 laetis
942 1021 974 1072 et
993 1006 1121 1091 mellis,
1146 1019 1178 1072 et
1197 1004 1324 1072 dedisti
1345 1005 1444 1071 nobis
1463 1027 1595 1094 posses·-

272 1110 381 1176 sr'ones
401 1133 565 1199 aprorum
585 1125 617 1178 et
641 1113 822 1180 uinearum
847 1141 877 1180 ».
898 1143 913 1176 (ι
931 1115 1067 1180 Diversa
1082 1113 1149 1193 eis,
1166 1134 1254 1201 quae
1275 1111 1374 1178 nobis
1391 1114 1592 1201 promisisti,

274 1217 372 1283 nobis
386 1226 575 1285 evenerunt
591 1247 606 1280 »
621 1221 762 1308 (Peos).
781 1220 972 1287 Secundum
985 1222 1076 1286 LXX
1092 1219 1191 1307 Vulq.
1211 1224 1261 1285 est
1275 1220 1400 1300 ironia,
1414 1218 1595 1286 induxerat

274 1324 403 1413 quippe
422 1347 574 1414 eousque
596 1327 633 1393 in
653 1326 824 1394 desertum
848 1333 999 1408 tantum,
1024 1327 1118 1416 quod
1140 1325 1271 1392 ironice
1296 1325 1503 1393 describitur
1524 1349 1597 1393 esse

274 1434 366 1496 terra
387 1430 608 1498 fertilissima.
627 1432 692 1499 Sed
717 1436 818 1502 Hebe.
839 1435 934 1501 Sam.
955 1431 1075 1500 Chald.
1098 1433 1177 1521 Syr.
1195 1433 1418 1518 negationem
1438 1432 1593 1498 habent:

275 1539 401 1604 Heeeru
426 1560 494 1604 non
516 1538 691 1606 indusistc‘
709 1553 771 1606 etc.
794 1541 963 1607 Promissa
983 1562 1054 1607 non
1071 1539 1275 1628 implevisti3
1293 1560 1363 1604 non
1386 1561 1422 1604 es
1440 1541 1487 1605 ita
1506 1538 1598 1604 bene

276 1645 417 1712 meritus
437 1645 480 1710 de
499 1644 615 1728 nobis,
632 1653 671 1713 ut
685 1645 846 1714 decenter
864 1646 908 1714 ad
927 1646 1112 1735 imperium
1135 1646 1286 1734 aspirare
1308 1667 1414 1734 queas
1434 1645 1594 1732 (Diluta).

275 1752 423 1815 Duarum
443 1773 564 1819 vocum
584 1752 841 1819 simillimorum
862 1741 900 1816 bu
918 1742 957 1816 ui
971 1753 1131 1820 facillime
1150 1752 1261 1819 altera
1278 1757 1337 1818 aut
1352 1751 1523 1818 efformari
1538 1759 1598 1817 aut

276 1854 427 1923 excidere
447 1860 570 1946 potuit.
593 1862 680 1926 «Au
700 1862 755 1948 [etl
776 1861 891 1928 oculos
910 1873 1041 1927 nestros
1061 1860 1136 1946 [cis]
1155 1862 1296 1926 eruere?
1313 1887 1327 1918 a
1350 1858 1492 1924 Voculas
1513 1869 1545 1923 et
1563 1865 1598 1924 et

278 1961 326 2028 ris
345 1963 459 2029 minus
483 1964 628 2034 feliciter
647 1967 793 2034 inseruit
820 1966 933 2056 Vulp,
955 1969 1052 2033 cuius
1071 1987 1190 2033 sensus
1210 1966 1267 2031 hic
1288 1987 1357 2031 esse
1376 1963 1535 2030 videtur:
1554 1969 1599 2030 Te

277 2070 468 2159 imperante
489 2072 578 2140 nihil
595 2073 660 2140 nisi
682 2075 773 2142 mala
793 2075 922 2163 experti
942 2095 1059 2140 sumus
1081 2096 1089 2142 :
1114 2072 1286 2162 quodnam
1308 2071 1449 2138 ulterius
1468 2068 1596 2137 malum

276 2177 477 2244 continuato
493 2178 638 2269 imperio
656 2181 755 2247 nobis
775 2181 932 2266 indiges?
946 2180 1036 2246 nihil
1051 2183 1204 2268 superest
1220 2178 1286 2244 nisi
1300 2183 1339 2245 ut
1350 2177 1466 2244 oculos
1483 2199 1594 2243 eruas.

277 2281 342 2349 Sed
365 2284 489 2373 reliqui
513 2291 624 2352 textus
649 2310 656 2355 :
681 2285 863 2376 Numquid
884 2287 997 2352 oculos
1021 2286 1171 2351 uirorum
1196 2285 1340 2351 istorum
1370 2288 1488 2350 erues?
1512 2289 1599 2361 Quos

278 2389 366 2456 uiros
386 2391 540 2478 intellige
561 2393 760 2460 universum
783 2394 967 2482 populum,
989 2392 1201 2482 explicatque
1225 2391 1330 2458 Malo.
1350 2411 1361 2456 .·
1380 2418 1395 2451 α
1418 2395 1469 2456 An
1485 2390 1600 2456 existi-

277 2517 366 2575 mas,
390 2501 497 2563 totam
522 2499 611 2566 hanc
637 2500 895 2566 multitudinem
925 2521 1060 2567 caecam
1085 2501 1177 2565 esse?
1201 2525 1215 2558 >1
1241 2503 1362 2564 Verum
1385 2497 1466 2562 huic
1487 2495 1599 2562 sensui

279 2625 347 2671 non
361 2604 509 2693 quadrat
522 2606 666 2672 verbum
683 2609 848 2695 temporis
860 2606 968 2673 futuri
984 2629 1090 2672 erues.
1109 2605 1224 2674 Melius
1238 2605 1312 2672 Cui.
1328 2626 1340 2668 .·
1355 2631 1371 2664 α
1388 2609 1475 2670 Mum
1496 2605 1598 2668 etiem

279 2710 475 2776 excaecabis
494 2711 584 2776 viros
598 2712 698 2792 istm,
715 2716 838 2778 utnon
857 2713 998 2779 videant
1012 2713 1235 2779 ambitionem
1254 2716 1366 2790 tuam,
1386 2731 1456 2798 qua
1470 2709 1600 2799 priuci—

279 2823 399 2906 patnm
419 2839 525 2905 super
544 2818 712 2907 populum
734 2818 799 2885 tibi
819 2819 1014 2903 vindicasti,
1038 2817 1236 2908 pollicendo
1262 2823 1309 2882 tot
1327 2821 1359 2882 et
1378 2821 1490 2896 tants,
1515 2818 1599 2882 sicut

281 2945 343 2990 nos
360 2923 515 2990 videmus
534 2924 654 2990 illam?
672 2953 687 2987 »
705 2928 848 2992 Caecum
869 2927 1044 2993 affirmant
1059 2925 1186 2992 debere
1206 2946 1276 2991 esse
1292 2943 1388 3005 eum„
1406 2923 1465 3012 qui
1484 2922 1601 3010 Moysis

281 3029 519 3118 deceptionem
548 3053 616 3098 non
648 3031 841 3121 perspiciat.
872 3032 1100 3099 Blandiuntur
1130 3031 1273 3120 populo,
1300 3031 1359 3118 qui
1389 3029 1530 3095 minime
1558 3028 1598 3094 sit

282 3158 401 3203 caecus
415 3159 526 3226 neque
541 3159 562 3204 a
575 3138 648 3203 viro
661 3143 732 3230 tam
744 3137 893 3204 inhabili
905 3161 940 3204 se
956 3137 1069 3226 decipi
1082 3138 1244 3227 patiatur.
1266 3165 1282 3198 u
1301 3138 1379 3203 Non
1399 3135 1552 3202 uenimus
1566 3163 1595 3201 ».

328 3243 464 3309 Videtur
483 3267 590 3334 prope
606 3243 761 3311 adstante
777 3249 860 3311 Core
879 3245 936 3334 (cf.
954 3267 986 3309 v.
1006 3247 1059 3332 16)
1078 3249 1204 3332 Moyses
1221 3248 1254 3309 et
1271 3241 1430 3309 nuntium
1448 3265 1479 3307 v.
1502 3249 1540 3308 12
1556 3241 1600 3306 ad

283 3349 610 3417 Rubenitasmisisse
626 3359 660 3417 et
674 3341 881 3418 insolens'ab
896 3350 964 3416 illis
981 3372 1180 3442 responsum
1196 3349 1377 3438 accepisse.
1394 3353 1504 3426 Quare
1519 3369 1600 3413 con·

283 3455 512 3521 ciliandorum
529 3458 723 3523 animorum
743 3478 880 3523 omnem
896 3456 1026 3523 dimisit
1041 3479 1149 3545 spem.
1166 3479 1197 3522 v.
1221 3462 1260 3522 15
1279 3482 1294 3516 u
1312 3458 1490 3543 iratusque
1506 3457 1599 3540 Moy-

283 3583 332 3625 ses
345 3560 443 3627 ratde
457 3561 505 3626 ait
521 3562 569 3628 od
581 3562 767 3628 Dorticum
780 3585 792 3627 .·
808 3565 858 3629 Ne
871 3562 1032 3652 respicies
1046 3563 1215 3651 sacrificiu
1231 3583 1348 3629 eorum
1365 3589 1394 3644 a,
1413 3559 1596 3642 mincherte,

284 3688 370 3755 quae
384 3688 447 3733 vox
460 3688 528 3732 non
543 3655 678 3756 semper
692 3669 735 3734 ad
747 3670 863 3735 stricte
872 3669 1007 3778 ¹dictum
1023 3669 1227 3737 sacrificium
1242 3668 1474 3755 restringitur.
1492 3695 1506 3726 u
1523 3671 1600 3733 Cer-

284 3772 421 3840 labatur
448 3773 489 3840 de
519 3774 708 3841 sacerdotio
740 3783 787 3854 et,
820 3799 898 3842 eum
926 3776 1063 3864 utrique
1092 3776 1269 3842 incensum
1296 3779 1406 3841 essent
1433 3772 1598 3853 oblaturi,

284 3879 397 3947 iudice
423 3879 609 3946 utebantur
636 3881 779 3949 Domino
803 3888 883 3950 Deo.
915 3883 1136 3948 Contristetus
1161 3903 1245 3967 ergo
1268 3881 1439 3970 propheta
1459 3885 1603 3968 propter

283 3992 439 4054 auctores
454 3987 646 4069 seditionis,
663 3987 813 4056 iudicem
831 3989 1035 4071 obtestatur,
1053 4010 1096 4055 ne
1112 3987 1274 4076 suscipiet
1289 3986 1381 4076 quod
1400 4007 1420 4052 a
1434 3985 1602 4052 seditiosis

284 4098 402 4160 eontra
422 4094 537 4180 legem
559 4095 777 4176 offerebatur,
807 4116 955 4184 eumque
980 4100 1078 4162 vocat
1098 4095 1135 4161 in
1159 4093 1395 4160 testimonium
1423 4090 1603 4180 aequitatis

284 4221 363 4265 suae
385 4226 401 4259 u
430 4198 670 4290 (Theodorus).
694 4229 710 4261 u
734 4204 796 4286 [Tu
816 4201 907 4289 scis]
932 4200 1025 4292 quod
1046 4225 1088 4268 ne
1109 4199 1255 4267 asellum
1278 4198 1418 4289 quidem
1440 4225 1456 4259 »
1479 4237 1523 4246 --
1542 4220 1602 4286 pro

285 4319 364 4370 niun
384 4307 479 4372 Sam.
499 4309 591 4372 LXX
607 4323 689 4373 niun
705 4348 750 4358 -
766 4335 783 4370 (ι
805 4331 957 4398 tauquam
977 4307 1166 4397 (receperim
1185 4309 1227 4373 ob
1248 4307 1313 4389 eis,
1335 4328 1396 4372 uec
1419 4305 1602 4394 afflr'serim

285 4411 481 4500 percupiam
502 4435 616 4480 eorum
639 4442 669 4504 ”r
692 4419 775 4482 Cum
791 4421 914 4501 Moyses
930 4439 959 4481 v.
980 4422 1019 4481 13
1033 4437 1084 4503 sq.
1103 4436 1172 4480 non
1190 4416 1233 4480 sit
1249 4418 1425 4479 accusatus
1440 4410 1604 4478 avaritiae

288 4517 348 4584 sed
372 4518 585 4601 ambitionis,
613 4522 647 4588 h.
679 4520 702 4586 l.
734 4543 890 4588 sermone
915 4521 1063 4607 figurato
1086 4542 1182 4586 suam
1210 4518 1445 4606 integritatem
1473 4517 1604 4584 effert:

288 4648 399 4714 neque
424 4647 500 4692 mea
520 4627 672 4715 quaesivi
694 4628 943 4710 emolumenta,
965 4649 1077 4715 neque
1102 4627 1249 4694 aliorum
1273 4627 1350 4692 iura
1373 4623 1467 4690 laesi.
1500 4645 1532 4689 v.
1567 4630 1607 4690 lo

288 4763 303 4795 a
318 4732 483 4821 Dicitque
499 4731 546 4799 cd
561 4736 641 4799 Cure
656 4756 668 4800 .·
685 4736 733 4798 Tu
748 4747 780 4799 et
793 4735 900 4799 orrrru's
915 4733 1137 4822 couprepatio
1151 4745 1212 4798 tiro
1224 4743 1310 4799 stote
1325 4751 1475 4798 seorsum
1492 4751 1609 4796 coram
