3522 5396
716 399 789 443 aum
813 385 882 454 3t,t
907 397 970 450 sou.
1006 373 1009 382 '

392 602 438 650 VI.
453 601 673 650 Mantantrcn
688 602 874 651 Psanrnran
889 603 1031 651 POHHAM
1044 603 1136 651 DANT
1151 603 1237 652 NUM.
1255 605 1292 652 at.

225 783 305 868 Cap.
329 786 367 846 31
392 785 425 846 et
447 780 678 847 narrationem
694 803 771 871 cap.
790 787 890 848 2235
910 780 1077 871 complet,
1095 785 1128 860 et
1145 781 1243 849 utiles
1263 781 1356 868 leges
1375 782 1495 848 sancit.

183 889 346 951 Narratur
358 908 403 952 sc.
418 908 450 952 v.
466 891 542 954 t-Ht
557 886 816 953 Madianitarum
830 886 1129 976 (ammonitarum)
1142 887 1284 955 exitialis
1297 885 1412 954 clades
1424 909 1501 954 cunr

182 991 351 1058 victorum
371 991 645 1074 lustrationibus,
663 993 815 1059 sancitur
833 1015 865 1060 v.
884 999 985 1060 25-5t
1007 993 1092 1060 ritus
1110 993 1259 1083 praedae
1279 991 1500 1075 dividendae,

182 1097 321 1190 fortasse
336 1098 563 1187 inposterum
580 1098 684 1165 etiam
696 1098 894 1166 servandus.

452 1308 482 1368 1.
510 1299 784 1368 Madiauiturum
809 1300 922 1368 clades
946 1305 1050 1370 Nunc.
1082 1307 1232 1385 31,1·2t.

225 1497 307 1584 Arq.
330 1531 374 1546 -
387 1496 597 1564 Ammonitas
612 1496 742 1564 bellum
757 1502 918 1587 parantes
934 1502 1037 1565 noctu
1052 1519 1159 1588 parva
1175 1498 1406 1565 Hebraeorum
1426 1520 1503 1564 ma-

184 1623 264 1684 nus,
288 1601 374 1668 duce
395 1602 559 1685 Phinees,
576 1624 655 1670 cum
678 1603 770 1670 tubis
789 1606 986 1694 irrumpens
1004 1604 1160 1686 conticit,
1179 1603 1330 1694 quinque
1349 1623 1447 1690 reges
1468 1610 1502 1672 et

181 1708 379 1775 Balaamum
394 1708 556 1776 trucidat.
572 1709 691 1792 Simul,
707 1708 767 1798 qui
778 1731 888 1799 prope
903 1711 1174 1778 ammonitarum
1189 1711 1273 1776 fines
1283 1710 1391 1799 sparsi
1404 1716 1502 1778 erant
1547 1783 1552 1794 ¹

180 1814 338 1895 Hebraei,
357 1819 462 1881 totam
480 1813 658 1902 regionem
672 1814 858 1905 diripiunt,
875 1815 1046 1883 infinitam
1058 1817 1226 1906 praedam
1240 1822 1360 1903 agunt.
1377 1821 1500 1904 Moyses

179 1927 315 2010 praeter
333 1920 484 2007 virgines
504 1921 655 2010 captivos
674 1942 792 1988 omnes
810 1923 953 1988 mactari
969 1922 1066 1989 iubet
1081 1921 1125 1988 ob
1143 1925 1363 2011 praeteritam
1379 1921 1502 2012 populi

178 2025 410 2094 seductionem
434 2027 639 2116 futuraeque
664 2027 871 2094 seductionis
896 2028 1100 2117 periculum.
1124 2028 1293 2117 Praecipit
1316 2029 1500 2096 militume

179 2132 268 2198 bello
283 2133 500 2200 redeuntium
520 2133 672 2223 itemque
690 2133 838 2223 praedae
858 2135 1067 2202 inanimatae
1086 2134 1362 2224 purificationem
1381 2156 1502 2201 secun-

179 2237 260 2304 dum
276 2239 387 2326 legem
403 2243 500 2306 Num.
520 2247 560 2306 19
576 2240 694 2306 latam.
712 2244 781 2316 Quo
795 2247 949 2330 tempore
964 2244 1143 2328 praeterea
1158 2239 1302 2306 Hebraei
1314 2240 1384 2305 iam
1399 2240 1500 2328 plura

178 2344 396 2434 possidebant
415 2368 433 2411 e
454 2346 593 2412 metallo
605 2368 703 2428 vasa,
720 2368 850 2413 novum
870 2348 979 2413 fertur
998 2347 1069 2412 eius
1086 2332 1173 2433 legis
1187 2345 1497 2435 complementum,

179 2457 270 2518 ntea
287 2473 367 2518 vasa
381 2452 463 2539 igne
479 2451 715 2540 purificantur.
1383 2531 1391 2548 Ι

222 2561 402 2647 Perperam
423 2557 642 2647 supposuerit
663 2558 754 2647 quis,
773 2558 939 2624 israelitas
961 2565 1035 2626 tum
1056 2580 1173 2626 omnes
1195 2559 1230 2625 in
1249 2560 1370 2626 castris
1389 2580 1497 2649 prope

178 2663 358 2730 Iordanem
379 2663 481 2730 luisse
502 2664 680 2732 adunatos.
705 2664 772 2731 Nisi
789 2663 905 2754 plures
927 2686 1047 2732 eorum
1067 2664 1112 2731 ad
1134 2665 1331 2755 aquilonem
1353 2666 1497 2732 bruonis

178 2769 418 2851 substitissent,
441 2770 603 2838 Moabitae
624 2775 731 2837 totum
753 2791 832 2838 eum
850 2775 1000 2838 tractum
1018 2793 1096 2838 mox
1115 2775 1347 2860 occupassent.
1365 2797 1381 2832 a
1398 2771 1498 2838 Habi-

178 2875 274 2942 tabat
289 2876 391 2944 lsrael
401 2875 437 2941 iu
452 2882 545 2944 terra
556 2877 758 2944 amorrhaei
776 2905 791 2939 a
807 2877 950 2966 (2131),
972 2907 987 2940 a
1003 2877 1200 2966 possidebat
1210 2884 1338 2944 terram
1354 2883 1461 2944 Basan
1479 2903 1494 2940 a

177 2973 323 3071 Ι(2135),
345 2981 474 3049 viculos
493 2986 596 3050 Gezer
617 2983 746 3072 (21,32)
768 2984 1040 3050 ammonitarum
1060 2983 1187 3050 linibus
1207 2983 1383 3069 contiguos
1406 2989 1496 3050 certe

175 3109 245 3154 non
265 3088 496 3155 deseruerant.
517 3088 599 3155 lnde
619 3092 829 3156 Ammonitas
849 3089 1074 3178 (tladianitas)
1096 3088 1325 3156 observabant
1350 3110 1495 3178 moxque

176 3193 371 3261 didicerunt
383 3194 459 3260 illos
479 3195 665 3261 exercitum
684 3195 847 3280 colligere
867 3200 901 3262 et
919 3194 1050 3261 belluni
1067 3217 1202 3284 parare.
1221 3195 1352 3261 Bellum
1366 3195 1495 3284 quippe

175 3299 252 3367 illos
264 3323 402 3390 parasse
414 3301 496 3368 inde
508 3300 724 3390 perspicitur,
746 3300 845 3390 quod·
855 3302 1009 3390 quinque
1024 3322 1143 3368 eorum
1158 3301 1270 3387 reguli
1283 3323 1351 3366 una
1369 3301 1495 3366 fuerint

175 3407 212 3473 in
235 3409 364 3474 castris.
388 3411 512 3474 Verum
531 3406 677 3474 Hebraei
695 3406 746 3472 illi
767 3407 1041 3474 ammonitarum
1060 3407 1186 3474 linibus
1206 3408 1276 3473 late
1298 3405 1495 3474 circumfusi

175 3534 245 3579 non
260 3513 421 3579 videntur
436 3514 535 3580 luisse
551 3535 653 3603 pares
668 3512 699 3580 ei
719 3513 881 3580 exercitui
896 3511 1096 3596 inhibendo,
1111 3513 1140 3580 si
1155 3512 1184 3580 is
1200 3534 1269 3579 uno
1285 3512 1401 3602 aliquo
1418 3512 1491 3579 loco

176 3620 280 3686 esuis
301 3618 425 3686 tinibus
446 3625 654 3710 erumperet.
677 3619 848 3685 Petierunt
870 3641 954 3706 ergo
975 3642 996 3686 a
1016 3623 1125 3706 Moyse
1145 3618 1327 3701 auxilium,
1346 3618 1406 3709 qui
1424 3618 1493 3686 illis

174 3724 331 3792 submisit
353 3731 458 3791 12000
479 3728 631 3792 virorum
652 3725 777 3793 lectam
794 3747 947 3792 manum.
968 3725 1167 3793 Madianitae
1185 3749 1246 3816 per
1266 3727 1494 3815 speculatores

175 3831 334 3898 certiores
360 3831 439 3898 tacti
466 3833 636 3898 Hebraeos
664 3831 792 3898 linibus
822 3832 1044 3899 circumfusos
1073 3853 1295 3922 nequaquam
1324 3831 1361 3897 in
1384 3853 1492 3897 unum

175 3959 301 4024 agmen
322 3937 453 4024 colligi,
475 3939 593 4005 omnia
617 3943 689 4004 tuta
712 3959 781 4005 esse
807 3939 872 4005 rati
897 3937 1005 4028 quieti
1028 3961 1063 4006 se
1087 3939 1214 4006 dedere
1236 3943 1339 4027 atque
1364 3937 1407 4002 ab
1431 3937 1492 4002 illa

176 4049 282 4110 12000
305 4043 459 4110 virorum
481 4067 585 4110 manu
612 4043 706 4110 haud
730 4045 911 4133 opinantes
936 4045 1217 4136 noctu-oppressi
1241 4049 1343 4132 atque
1369 4041 1492 4108 concisi

176 4155 267 4217 sunt.
1397 4147 1402 4159 '

223 4257 304 4345 Cup.
327 4259 442 4322 XXXI
458 4279 489 4322 v.
513 4264 529 4322 1
555 4283 570 4316 «
593 4259 807 4346 Loculucqce
825 4269 874 4323 cst
896 4257 1062 4324 Dominus
1084 4255 1131 4323 ad
1152 4258 1291 4343 lllopacn
1307 4253 1423 4320 diceus
1447 4279 1490 4320 »z

176 4385 208 4428 v.
232 4367 252 4426 2
276 4389 291 4422 a
318 4362 482 4429 Ulcisccre
497 4361 616 4453 [prices]
636 4362 729 4451 filios
752 4363 859 4429 Israel
880 4361 921 4429 de
942 4362 1145 4430 Modianitie
1163 4361 1257 4427 etsie
1283 4387 1298 4422 a
1323 4399 1366 4411 -—
1388 4359 1490 4426 Hedr.

172 4479 291 4557 posteo
302 4507 342 4517 -
357 4495 372 4526 «
388 4468 557 4557 colliqerr's
567 4467 793 4559 oclpopulam
807 4482 902 4536 tricem
918 4497 934 4529 a
947 4469 1088 4558 (2213),
1102 4467 1270 4535 morieris.
1284 4467 1373 4535 Ultio
1390 4489 1494 4556 quae·

175 4575 264 4640 ritur
274 4572 359 4662 filiis
375 4574 496 4658 lsrael,
514 4575 596 4664 quia
611 4575 663 4641 his
682 4575 882 4643 Madianitae
902 4581 1088 4642 nocuerant
1103 4574 1317 4657 seductione3
1333 4595 1421 4662 quae
1436 4594 1493 4639 ea-

176 4679 253 4746 dem
270 4702 301 4746 v.
321 4686 339 4745 3
352 4684 493 4747 vocatur
507 4679 593 4747 aellio
606 4681 709 4748 labae
714 4734 724 4765 ,
743 4681 825 4771 quia
839 4682 908 4749 illis
924 4687 1084 4749 nocentes
1099 4680 1180 4748 huic
1195 4671 1355 4747 iniuriam
1369 4679 1495 4746 intula-

178 4793 254 4853 rant
270 4786 390 4876 (Coa).
410 4809 441 4854 v.
464 4795 483 4854 3
507 4817 521 4850 «
537 4787 729 4877 Statimque
745 4791 878 4877 Moyses
897 4810 904 4856 :
922 4791 1060 4854 Armate
1070 4841 1079 4872 ,
1096 4787 1226 4876 inquit,
1243 4810 1285 4852 ca
1300 4785 1391 4852 cobis
1407 4785 1495 4852 uiros
