<?xml version="1.0" encoding="UTF-8"?>
<!DOCTYPE html PUBLIC "-//W3C//DTD XHTML 1.0 Transitional//EN"
    "http://www.w3.org/TR/xhtml1/DTD/xhtml1-transitional.dtd">
<html xmlns="http://www.w3.org/1999/xhtml" xml:lang="en" lang="en">
 <head>
  <title>
</title>
<meta http-equiv="Content-Type" content="text/html;charset=utf-8" />
  <meta name='ocr-system' content='tesseract 3.04.00' />
  <meta name='ocr-capabilities' content='ocr_page ocr_carea ocr_par ocr_line ocrx_word'/>
</head>
<body>
  <div class='ocr_page' id='page_1' title='image "./commentariusinn00hummgoog_0111.png"; bbox 0 0 3528 5402; ppageno 0'>
   <div class='ocr_carea' id='block_1_1' title="bbox 289 393 1110 452">
    <p class='ocr_par' dir='ltr' id='par_1_1' title="bbox 289 393 1110 452">
     <span class='ocr_line' id='line_1_1' title="bbox 289 393 1110 452; baseline -0.004 -1"><span class='ocrx_word' id='word_1_1' title='bbox 289 393 328 452; x_wconf 86' lang='grc'>98</span> <span class='ocrx_word' id='word_1_2' title='bbox 790 406 827 449; x_wconf 86' lang='lat' dir='ltr'>ns</span> <span class='ocrx_word' id='word_1_3' title='bbox 849 405 931 450; x_wconf 83' lang='lat' dir='ltr'>suun</span> <span class='ocrx_word' id='word_1_4' title='bbox 954 406 985 449; x_wconf 86' lang='lat' dir='ltr'>rn</span> <span class='ocrx_word' id='word_1_5' title='bbox 1008 406 1110 450; x_wconf 78' lang='lat' dir='ltr'>canes.</span> 
     </span>
    </p>
   </div>
   <div class='ocr_carea' id='block_1_2' title="bbox 288 543 1610 874">
    <p class='ocr_par' dir='ltr' id='par_1_2' title="bbox 288 543 1610 874">
     <span class='ocr_line' id='line_1_2' title="bbox 289 543 1608 607; baseline -0.002 -13"><span class='ocrx_word' id='word_1_6' title='bbox 289 546 365 596; x_wconf 90' lang='lat' dir='ltr'>tione</span> <span class='ocrx_word' id='word_1_7' title='bbox 380 558 385 592; x_wconf 95' lang='lat'>:</span> <span class='ocrx_word' id='word_1_8' title='bbox 402 543 536 607; x_wconf 74' lang='lat' dir='ltr'>capitatae</span> <span class='ocrx_word' id='word_1_9' title='bbox 549 551 642 593; x_wconf 82' lang='lat' dir='ltr'>contra</span> <span class='ocrx_word' id='word_1_10' title='bbox 659 543 779 605; x_wconf 80' lang='lat' dir='ltr'>Moysen,</span> <span class='ocrx_word' id='word_1_11' title='bbox 796 543 862 593; x_wconf 90' lang='lat' dir='ltr'>dum</span> <span class='ocrx_word' id='word_1_12' title='bbox 874 555 995 606; x_wconf 88' lang='lat' dir='ltr'>sequens</span> <span class='ocrx_word' id='word_1_13' title='bbox 1008 544 1134 592; x_wconf 78' lang='lat' dir='ltr'>dixerunt</span> <span class='ocrx_word' id='word_1_14' title='bbox 1149 544 1278 606; x_wconf 84' lang='lat' dir='ltr'><strong>exprimit</strong></span> <span class='ocrx_word' id='word_1_15' title='bbox 1296 543 1382 595; x_wconf 85' lang='lat' dir='ltr'>verba</span> <span class='ocrx_word' id='word_1_16' title='bbox 1396 543 1516 607; x_wconf 89' lang='lat' dir='ltr'>prolata.</span> <span class='ocrx_word' id='word_1_17' title='bbox 1533 543 1608 602; x_wconf 84' lang='lat' dir='ltr'><strong>Quid</strong></span> 
     </span>
     <span class='ocr_line' id='line_1_3' title="bbox 288 631 1609 696; baseline -0.002 -13"><span class='ocrx_word' id='word_1_18' title='bbox 288 633 468 696; x_wconf 83' lang='lat' dir='ltr'>cogitaverit,</span> <span class='ocrx_word' id='word_1_19' title='bbox 484 633 610 683; x_wconf 83' lang='lat' dir='ltr'><strong>enuntiat</strong></span> <span class='ocrx_word' id='word_1_20' title='bbox 621 633 760 682; x_wconf 89' lang='lat' dir='ltr'>sententia</span> <span class='ocrx_word' id='word_1_21' title='bbox 772 631 821 681; x_wconf 91' lang='lat' dir='ltr'>ilia</span> <span class='ocrx_word' id='word_1_22' title='bbox 835 645 891 680; x_wconf 93' lang='lat' dir='ltr'>nou</span> <span class='ocrx_word' id='word_1_23' title='bbox 905 633 1027 682; x_wconf 89' lang='lat' dir='ltr'>causalis</span> <span class='ocrx_word' id='word_1_24' title='bbox 1048 631 1097 682; x_wconf 85' lang='lat' dir='ltr'>scd</span> <span class='ocrx_word' id='word_1_25' title='bbox 1112 631 1303 695; x_wconf 79' lang='lat' dir='ltr'>independens</span> <span class='ocrx_word' id='word_1_26' title='bbox 1320 645 1326 680; x_wconf 97' lang='lat'><strong>:</strong></span> <span class='ocrx_word' id='word_1_27' title='bbox 1349 633 1417 691; x_wconf 82' lang='lat' dir='ltr'>Quia</span> <span class='ocrx_word' id='word_1_28' title='bbox 1431 645 1539 682; x_wconf 78' lang='lat' dir='ltr'>acorem</span> <span class='ocrx_word' id='word_1_29' title='bbox 1552 634 1609 682; x_wconf 81' lang='lat' dir='ltr'>Ga-</span> 
     </span>
     <span class='ocr_line' id='line_1_4' title="bbox 288 713 1610 784; baseline 0 -14"><span class='ocrx_word' id='word_1_30' title='bbox 288 724 401 771; x_wconf 81' lang='lat' dir='ltr'>rciritcm</span> <span class='ocrx_word' id='word_1_31' title='bbox 416 722 503 772; x_wconf 81' lang='lat' dir='ltr'>duxit.</span> <span class='ocrx_word' id='word_1_32' title='bbox 516 721 639 770; x_wconf 91' lang='lat' dir='ltr'>Primum</span> <span class='ocrx_word' id='word_1_33' title='bbox 649 722 772 783; x_wconf 68' lang='lat' dir='ltr'>,pectora</span> <span class='ocrx_word' id='word_1_34' title='bbox 787 722 869 770; x_wconf 87' lang='lat' dir='ltr'>torsit</span> <span class='ocrx_word' id='word_1_35' title='bbox 887 713 1043 783; x_wconf 84' lang='lat' dir='ltr'>indignatio</span> <span class='ocrx_word' id='word_1_36' title='bbox 1057 720 1092 771; x_wconf 91' lang='lat' dir='ltr'>de</span> <span class='ocrx_word' id='word_1_37' title='bbox 1106 733 1193 771; x_wconf 84' lang='lat' dir='ltr'>uxore</span> <span class='ocrx_word' id='word_1_38' title='bbox 1207 733 1263 770; x_wconf 93' lang='lat' dir='ltr'>non</span> <span class='ocrx_word' id='word_1_39' title='bbox 1278 720 1415 782; x_wconf 87' lang='lat' dir='ltr'>hebraea,</span> <span class='ocrx_word' id='word_1_40' title='bbox 1431 721 1495 771; x_wconf 91' lang='lat' dir='ltr'>dein</span> <span class='ocrx_word' id='word_1_41' title='bbox 1511 733 1610 784; x_wconf 91' lang='lat' dir='ltr'>proru-</span> 
     </span>
     <span class='ocr_line' id='line_1_5' title="bbox 288 809 1154 874; baseline -0.003 -13"><span class='ocrx_word' id='word_1_42' title='bbox 288 823 355 874; x_wconf 90' lang='lat' dir='ltr'>pere</span> <span class='ocrx_word' id='word_1_43' title='bbox 368 815 482 873; x_wconf 86' lang='lat' dir='ltr'>apertae</span> <span class='ocrx_word' id='word_1_44' title='bbox 494 811 524 858; x_wconf 92' lang='lat' dir='ltr'>in</span> <span class='ocrx_word' id='word_1_45' title='bbox 533 809 688 872; x_wconf 86' lang='lat' dir='ltr'>prophetae</span> <span class='ocrx_word' id='word_1_46' title='bbox 706 809 893 872; x_wconf 81' lang='lat' dir='ltr'>principatum</span> <span class='ocrx_word' id='word_1_47' title='bbox 908 811 1154 859; x_wconf 77' lang='lat' dir='ltr'>murmurationes.</span> 
     </span>
    </p>
   </div>
   <div class='ocr_carea' id='block_1_3' title="bbox 279 964 1700 4892">
    <p class='ocr_par' dir='ltr' id='par_1_3' title="bbox 281 964 1700 3290">
     <span class='ocr_line' id='line_1_6' title="bbox 331 964 1606 1055; baseline 0 -23"><span class='ocrx_word' id='word_1_48' title='bbox 331 971 409 1032; x_wconf 89' lang='lat' dir='ltr'>Erat</span> <span class='ocrx_word' id='word_1_49' title='bbox 431 966 538 1053; x_wconf 80' lang='lat' dir='ltr'>igitur</span> <span class='ocrx_word' id='word_1_50' title='bbox 551 965 641 1032; x_wconf 89' lang='lat' dir='ltr'>inter</span> <span class='ocrx_word' id='word_1_51' title='bbox 653 965 821 1032; x_wconf 89' lang='lat' dir='ltr'>Hebraeos</span> <span class='ocrx_word' id='word_1_52' title='bbox 831 970 904 1030; x_wconf 90' lang='lat' dir='ltr'>tum</span> <span class='ocrx_word' id='word_1_53' title='bbox 921 965 1024 1031; x_wconf 87' lang='lat' dir='ltr'>lectio</span> <span class='ocrx_word' id='word_1_54' title='bbox 1043 964 1160 1055; x_wconf 90' lang='lat' dir='ltr'>aliqua</span> <span class='ocrx_word' id='word_1_55' title='bbox 1175 965 1421 1032; x_wconf 87' lang='lat' dir='ltr'>ultramodum</span> <span class='ocrx_word' id='word_1_56' title='bbox 1434 964 1585 1032; x_wconf 79' lang='lat' dir='ltr'>hebraea·</span> <span class='ocrx_word' id='word_1_57' title='bbox 1598 1020 1606 1048; x_wconf 91' lang='lat'>,</span> 
     </span>
     <span class='ocr_line' id='line_1_7' title="bbox 287 1070 1609 1162; baseline -0.001 -23"><span class='ocrx_word' id='word_1_58' title='bbox 287 1072 489 1152; x_wconf 89' lang='lat' dir='ltr'>nationalis,</span> <span class='ocrx_word' id='word_1_59' title='bbox 512 1070 749 1161; x_wconf 89' lang='lat' dir='ltr'>pharisaeismi</span> <span class='ocrx_word' id='word_1_60' title='bbox 776 1072 888 1160; x_wconf 87' lang='lat' dir='ltr'>prima</span> <span class='ocrx_word' id='word_1_61' title='bbox 919 1071 1065 1152; x_wconf 91' lang='lat' dir='ltr'>semina,</span> <span class='ocrx_word' id='word_1_62' title='bbox 1089 1093 1177 1161; x_wconf 91' lang='lat' dir='ltr'>quae</span> <span class='ocrx_word' id='word_1_63' title='bbox 1203 1074 1392 1162; x_wconf 90' lang='lat' dir='ltr'>prophetae</span> <span class='ocrx_word' id='word_1_64' title='bbox 1416 1073 1609 1139; x_wconf 88' lang='lat' dir='ltr'>stomacha-</span> 
     </span>
     <span class='ocr_line' id='line_1_8' title="bbox 285 1177 1609 1270; baseline 0 -26"><span class='ocrx_word' id='word_1_65' title='bbox 285 1178 387 1246; x_wconf 89' lang='lat' dir='ltr'>batur</span> <span class='ocrx_word' id='word_1_66' title='bbox 402 1200 541 1245; x_wconf 87' lang='lat' dir='ltr'>uxorem</span> <span class='ocrx_word' id='word_1_67' title='bbox 568 1200 639 1244; x_wconf 91' lang='lat' dir='ltr'>non</span> <span class='ocrx_word' id='word_1_68' title='bbox 652 1177 853 1244; x_wconf 89' lang='lat' dir='ltr'>hebraeam.</span> <span class='ocrx_word' id='word_1_69' title='bbox 873 1177 970 1244; x_wconf 91' lang='lat' dir='ltr'>Haud</span> <span class='ocrx_word' id='word_1_70' title='bbox 989 1177 1150 1259; x_wconf 91' lang='lat' dir='ltr'>dubium,</span> <span class='ocrx_word' id='word_1_71' title='bbox 1168 1178 1353 1268; x_wconf 78' lang='lat' dir='ltr'>Sephoram</span> <span class='ocrx_word' id='word_1_72' title='bbox 1371 1179 1414 1245; x_wconf 88' lang='lat' dir='ltr'>ad</span> <span class='ocrx_word' id='word_1_73' title='bbox 1437 1201 1533 1270; x_wconf 79' lang='lat' dir='ltr'>saera</span> <span class='ocrx_word' id='word_1_74' title='bbox 1548 1183 1609 1244; x_wconf 90' lang='lat' dir='ltr'>He·</span> 
     </span>
     <span class='ocr_line' id='line_1_9' title="bbox 286 1284 1606 1370; baseline 0.001 -20"><span class='ocrx_word' id='word_1_75' title='bbox 286 1285 470 1353; x_wconf 89' lang='lat' dir='ltr'>hraeorum</span> <span class='ocrx_word' id='word_1_76' title='bbox 491 1286 624 1351; x_wconf 89' lang='lat' dir='ltr'>sincero</span> <span class='ocrx_word' id='word_1_77' title='bbox 649 1285 764 1350; x_wconf 88' lang='lat' dir='ltr'>animo</span> <span class='ocrx_word' id='word_1_78' title='bbox 790 1284 964 1351; x_wconf 79' lang='lat' dir='ltr'>transiisse</span> <span class='ocrx_word' id='word_1_79' title='bbox 986 1304 994 1351; x_wconf 92' lang='lat'>:</span> <span class='ocrx_word' id='word_1_80' title='bbox 1016 1291 1050 1351; x_wconf 88' lang='lat' dir='ltr'>at</span> <span class='ocrx_word' id='word_1_81' title='bbox 1072 1285 1240 1370; x_wconf 81' lang='lat' dir='ltr'>originem</span> <span class='ocrx_word' id='word_1_82' title='bbox 1264 1285 1333 1366; x_wconf 91' lang='lat' dir='ltr'>illi,</span> <span class='ocrx_word' id='word_1_83' title='bbox 1354 1307 1425 1351; x_wconf 92' lang='lat' dir='ltr'>non</span> <span class='ocrx_word' id='word_1_84' title='bbox 1451 1284 1606 1352; x_wconf 85' lang='lat' dir='ltr'>indolem</span> 
     </span>
     <span class='ocr_line' id='line_1_10' title="bbox 286 1389 1606 1481; baseline 0 -25"><span class='ocrx_word' id='word_1_85' title='bbox 286 1390 601 1459; x_wconf 88' lang='lat' dir='ltr'>stomachabantur.</span> <span class='ocrx_word' id='word_1_86' title='bbox 626 1395 761 1478; x_wconf 89' lang='lat' dir='ltr'>Moysen</span> <span class='ocrx_word' id='word_1_87' title='bbox 782 1395 817 1455; x_wconf 92' lang='lat' dir='ltr'>ul</span> <span class='ocrx_word' id='word_1_88' title='bbox 844 1389 947 1456; x_wconf 89' lang='lat' dir='ltr'>lahve</span> <span class='ocrx_word' id='word_1_89' title='bbox 966 1391 1171 1481; x_wconf 90' lang='lat' dir='ltr'>prophetam</span> <span class='ocrx_word' id='word_1_90' title='bbox 1197 1391 1407 1458; x_wconf 88' lang='lat' dir='ltr'>verebantur</span> <span class='ocrx_word' id='word_1_91' title='bbox 1433 1413 1439 1458; x_wconf 95' lang='lat'>:</span> <span class='ocrx_word' id='word_1_92' title='bbox 1470 1411 1606 1471; x_wconf 80' lang='lat' dir='ltr'>rerum,</span> 
     </span>
     <span class='ocr_line' id='line_1_11' title="bbox 286 1495 1700 1587; baseline 0.005 -24"><span class='ocrx_word' id='word_1_93' title='bbox 286 1519 370 1565; x_wconf 91' lang='lat' dir='ltr'>num</span> <span class='ocrx_word' id='word_1_94' title='bbox 387 1498 489 1564; x_wconf 91' lang='lat' dir='ltr'>iahve</span> <span class='ocrx_word' id='word_1_95' title='bbox 503 1497 709 1587; x_wconf 90' lang='lat' dir='ltr'>prophetam</span> <span class='ocrx_word' id='word_1_96' title='bbox 724 1495 868 1563; x_wconf 89' lang='lat' dir='ltr'>decebat</span> <span class='ocrx_word' id='word_1_97' title='bbox 878 1496 1006 1564; x_wconf 88' lang='lat' dir='ltr'>hahere</span> <span class='ocrx_word' id='word_1_98' title='bbox 1019 1519 1158 1564; x_wconf 86' lang='lat' dir='ltr'>uxorem</span> <span class='ocrx_word' id='word_1_99' title='bbox 1172 1498 1304 1585; x_wconf 85' lang='lat' dir='ltr'>origine</span> <span class='ocrx_word' id='word_1_100' title='bbox 1319 1519 1391 1564; x_wconf 92' lang='lat' dir='ltr'>non</span> <span class='ocrx_word' id='word_1_101' title='bbox 1406 1499 1605 1577; x_wconf 81' lang='lat' dir='ltr'>hebraeam,</span> <span class='ocrx_word' id='word_1_102' title='bbox 1695 1561 1700 1570; x_wconf 91' lang='lat'><em>.</em></span> 
     </span>
     <span class='ocr_line' id='line_1_12' title="bbox 285 1603 1607 1695; baseline -0.003 -21"><span class='ocrx_word' id='word_1_103' title='bbox 285 1606 342 1674; x_wconf 91' lang='lat' dir='ltr'>sed</span> <span class='ocrx_word' id='word_1_104' title='bbox 364 1604 569 1694; x_wconf 83' lang='lat' dir='ltr'>proselytam</span> <span class='ocrx_word' id='word_1_105' title='bbox 590 1605 746 1670; x_wconf 74' lang='lat' dir='ltr'>tantum?</span> <span class='ocrx_word' id='word_1_106' title='bbox 758 1608 943 1692; x_wconf 74' lang='lat' dir='ltr'>Acceperat</span> <span class='ocrx_word' id='word_1_107' title='bbox 958 1609 1066 1670; x_wconf 80' lang='lat' dir='ltr'>Aaron</span> <span class='ocrx_word' id='word_1_108' title='bbox 1084 1625 1222 1671; x_wconf 85' lang='lat' dir='ltr'>uxorem</span> <span class='ocrx_word' id='word_1_109' title='bbox 1237 1604 1425 1686; x_wconf 87' lang='lat' dir='ltr'>Elisabeth,</span> <span class='ocrx_word' id='word_1_110' title='bbox 1442 1603 1607 1695; x_wconf 89' lang='lat' dir='ltr'>principis</span> 
     </span>
     <span class='ocr_line' id='line_1_13' title="bbox 285 1708 1608 1798; baseline -0.002 -19"><span class='ocrx_word' id='word_1_111' title='bbox 285 1712 395 1780; x_wconf 90' lang='lat' dir='ltr'>tribus</span> <span class='ocrx_word' id='word_1_112' title='bbox 414 1711 498 1777; x_wconf 89' lang='lat' dir='ltr'>luda</span> <span class='ocrx_word' id='word_1_113' title='bbox 517 1731 669 1776; x_wconf 88' lang='lat' dir='ltr'>sororem</span> <span class='ocrx_word' id='word_1_114' title='bbox 691 1708 918 1798; x_wconf 73' lang='lat' dir='ltr'>(Theodorei.)</span> <span class='ocrx_word' id='word_1_115' title='bbox 943 1731 951 1777; x_wconf 91' lang='lat'>:</span> <span class='ocrx_word' id='word_1_116' title='bbox 974 1715 1115 1798; x_wconf 80' lang='lat' dir='ltr'>Moyses,</span> <span class='ocrx_word' id='word_1_117' title='bbox 1134 1713 1189 1777; x_wconf 91' lang='lat' dir='ltr'>cui</span> <span class='ocrx_word' id='word_1_118' title='bbox 1213 1711 1311 1778; x_wconf 91' lang='lat' dir='ltr'>nulla</span> <span class='ocrx_word' id='word_1_119' title='bbox 1327 1733 1397 1778; x_wconf 90' lang='lat' dir='ltr'>non</span> <span class='ocrx_word' id='word_1_120' title='bbox 1413 1711 1608 1778; x_wconf 88' lang='lat' dir='ltr'>venustissi—</span> 
     </span>
     <span class='ocr_line' id='line_1_14' title="bbox 286 1816 1607 1907; baseline -0.002 -22"><span class='ocrx_word' id='word_1_121' title='bbox 286 1839 419 1885; x_wconf 89' lang='lat' dir='ltr'>marum</span> <span class='ocrx_word' id='word_1_122' title='bbox 435 1823 537 1905; x_wconf 90' lang='lat' dir='ltr'>atque</span> <span class='ocrx_word' id='word_1_123' title='bbox 551 1816 841 1883; x_wconf 87' lang='lat' dir='ltr'>nobilissimarum</span> <span class='ocrx_word' id='word_1_124' title='bbox 854 1816 1267 1902; x_wconf 78' lang='lat' dir='ltr'>virginum&#39;hebraearum</span> <span class='ocrx_word' id='word_1_125' title='bbox 1279 1816 1503 1884; x_wconf 87' lang='lat' dir='ltr'>libentissima</span> <span class='ocrx_word' id='word_1_126' title='bbox 1517 1839 1607 1907; x_wconf 95' lang='lat' dir='ltr'>nup-</span> 
     </span>
     <span class='ocr_line' id='line_1_15' title="bbox 284 1922 1606 2013; baseline -0.002 -22"><span class='ocrx_word' id='word_1_127' title='bbox 284 1925 396 2007; x_wconf 85' lang='lat' dir='ltr'>sisset,</span> <span class='ocrx_word' id='word_1_128' title='bbox 414 1945 483 1989; x_wconf 88' lang='lat' dir='ltr'>una</span> <span class='ocrx_word' id='word_1_129' title='bbox 502 1922 742 1990; x_wconf 81' lang='lat' dir='ltr'>continebatur</span> <span class='ocrx_word' id='word_1_130' title='bbox 768 1944 871 1988; x_wconf 85' lang='lat' dir='ltr'>uxore</span> <span class='ocrx_word' id='word_1_131' title='bbox 895 1922 1090 2009; x_wconf 89' lang='lat' dir='ltr'>Madianita,</span> <span class='ocrx_word' id='word_1_132' title='bbox 1110 1946 1198 2013; x_wconf 91' lang='lat' dir='ltr'>quae</span> <span class='ocrx_word' id='word_1_133' title='bbox 1214 1924 1319 1990; x_wconf 91' lang='lat' dir='ltr'>semel</span> <span class='ocrx_word' id='word_1_134' title='bbox 1338 1923 1382 1990; x_wconf 90' lang='lat' dir='ltr'>ab</span> <span class='ocrx_word' id='word_1_135' title='bbox 1398 1925 1470 2013; x_wconf 92' lang='lat' dir='ltr'>ipso</span> <span class='ocrx_word' id='word_1_136' title='bbox 1485 1929 1606 2013; x_wconf 91' lang='lat' dir='ltr'>sponte</span> 
     </span>
     <span class='ocr_line' id='line_1_16' title="bbox 284 2027 1605 2120; baseline 0 -24"><span class='ocrx_word' id='word_1_137' title='bbox 284 2029 472 2098; x_wconf 84' lang='lat' dir='ltr'>recessisset</span> <span class='ocrx_word' id='word_1_138' title='bbox 491 2027 640 2116; x_wconf 83' lang='lat' dir='ltr'>(Calm.;</span> <span class='ocrx_word' id='word_1_139' title='bbox 662 2033 716 2096; x_wconf 86' lang='lat' dir='ltr'>Ex.</span> <span class='ocrx_word' id='word_1_140' title='bbox 744 2029 855 2118; x_wconf 58' lang='lat' dir='ltr'>tatii),</span> <span class='ocrx_word' id='word_1_141' title='bbox 878 2051 1035 2119; x_wconf 87' lang='lat' dir='ltr'>quaeque</span> <span class='ocrx_word' id='word_1_142' title='bbox 1054 2037 1131 2118; x_wconf 90' lang='lat' dir='ltr'>post</span> <span class='ocrx_word' id='word_1_143' title='bbox 1156 2030 1242 2096; x_wconf 91' lang='lat' dir='ltr'>duos</span> <span class='ocrx_word' id='word_1_144' title='bbox 1265 2032 1394 2120; x_wconf 91' lang='lat' dir='ltr'>primos</span> <span class='ocrx_word' id='word_1_145' title='bbox 1417 2036 1535 2120; x_wconf 91' lang='lat' dir='ltr'>partus</span> <span class='ocrx_word' id='word_1_146' title='bbox 1553 2029 1605 2096; x_wconf 83' lang='lat' dir='ltr'>vi-</span> 
     </span>
     <span class='ocr_line' id='line_1_17' title="bbox 283 2135 1602 2218; baseline -0.003 -13"><span class='ocrx_word' id='word_1_147' title='bbox 283 2137 385 2205; x_wconf 88' lang='lat' dir='ltr'>detur</span> <span class='ocrx_word' id='word_1_148' title='bbox 409 2135 527 2203; x_wconf 89' lang='lat' dir='ltr'>liberis</span> <span class='ocrx_word' id='word_1_149' title='bbox 546 2136 706 2204; x_wconf 87' lang='lat' dir='ltr'>caruisse.</span> <span class='ocrx_word' id='word_1_150' title='bbox 732 2139 834 2202; x_wconf 86' lang='lat' dir='ltr'>Erant</span> <span class='ocrx_word' id='word_1_151' title='bbox 857 2137 929 2203; x_wconf 92' lang='lat' dir='ltr'>eius</span> <span class='ocrx_word' id='word_1_152' title='bbox 951 2135 1107 2204; x_wconf 85' lang='lat' dir='ltr'>lectionis</span> <span class='ocrx_word' id='word_1_153' title='bbox 1130 2138 1233 2203; x_wconf 89' lang='lat' dir='ltr'>Maria</span> <span class='ocrx_word' id='word_1_154' title='bbox 1256 2141 1439 2218; x_wconf 73' lang='lat' dir='ltr'>etheron,</span> <span class='ocrx_word' id='word_1_155' title='bbox 1464 2135 1602 2202; x_wconf 84' lang='lat' dir='ltr'>solliciti</span> 
     </span>
     <span class='ocr_line' id='line_1_18' title="bbox 284 2241 1604 2333; baseline 0 -23"><span class='ocrx_word' id='word_1_156' title='bbox 284 2244 326 2310; x_wconf 89' lang='lat' dir='ltr'>de</span> <span class='ocrx_word' id='word_1_157' title='bbox 349 2242 501 2310; x_wconf 84' lang='lat' dir='ltr'>familiae</span> <span class='ocrx_word' id='word_1_158' title='bbox 528 2243 661 2310; x_wconf 90' lang='lat' dir='ltr'>honore</span> <span class='ocrx_word' id='word_1_159' title='bbox 684 2247 786 2331; x_wconf 90' lang='lat' dir='ltr'>atque</span> <span class='ocrx_word' id='word_1_160' title='bbox 812 2241 854 2308; x_wconf 92' lang='lat' dir='ltr'>de</span> <span class='ocrx_word' id='word_1_161' title='bbox 883 2264 1066 2309; x_wconf 86' lang='lat' dir='ltr'>numerosa</span> <span class='ocrx_word' id='word_1_162' title='bbox 1085 2250 1118 2309; x_wconf 92' lang='lat' dir='ltr'>et</span> <span class='ocrx_word' id='word_1_163' title='bbox 1136 2241 1262 2309; x_wconf 87' lang='lat' dir='ltr'>illustri</span> <span class='ocrx_word' id='word_1_164' title='bbox 1282 2244 1378 2333; x_wconf 91' lang='lat' dir='ltr'>prole</span> <span class='ocrx_word' id='word_1_165' title='bbox 1403 2243 1501 2310; x_wconf 90' lang='lat' dir='ltr'>fratri</span> <span class='ocrx_word' id='word_1_166' title='bbox 1526 2265 1604 2333; x_wconf 93' lang='lat' dir='ltr'>pro-</span> 
     </span>
     <span class='ocr_line' id='line_1_19' title="bbox 284 2348 1604 2440; baseline -0.001 -25"><span class='ocrx_word' id='word_1_167' title='bbox 284 2351 406 2440; x_wconf 89' lang='lat' dir='ltr'>phetae</span> <span class='ocrx_word' id='word_1_168' title='bbox 419 2349 656 2440; x_wconf 82' lang='lat' dir='ltr'>procuranda3</span> <span class='ocrx_word' id='word_1_169' title='bbox 672 2354 771 2416; x_wconf 91' lang='lat' dir='ltr'>erant</span> <span class='ocrx_word' id='word_1_170' title='bbox 785 2349 903 2436; x_wconf 90' lang='lat' dir='ltr'>utique</span> <span class='ocrx_word' id='word_1_171' title='bbox 927 2348 1121 2437; x_wconf 87' lang='lat' dir='ltr'>puellarum</span> <span class='ocrx_word' id='word_1_172' title='bbox 1142 2348 1313 2416; x_wconf 91' lang='lat' dir='ltr'>nobilium</span> <span class='ocrx_word' id='word_1_173' title='bbox 1331 2355 1365 2415; x_wconf 90' lang='lat' dir='ltr'>ct</span> <span class='ocrx_word' id='word_1_174' title='bbox 1383 2349 1604 2416; x_wconf 83' lang='lat' dir='ltr'>formosarum</span> 
     </span>
     <span class='ocr_line' id='line_1_20' title="bbox 284 2453 1605 2545; baseline -0.003 -22"><span class='ocrx_word' id='word_1_175' title='bbox 284 2457 415 2545; x_wconf 78' lang='lat' dir='ltr'>plureS,</span> <span class='ocrx_word' id='word_1_176' title='bbox 442 2477 530 2544; x_wconf 91' lang='lat' dir='ltr'>quae</span> <span class='ocrx_word' id='word_1_177' title='bbox 553 2455 745 2543; x_wconf 89' lang='lat' dir='ltr'>prophetae</span> <span class='ocrx_word' id='word_1_178' title='bbox 770 2453 908 2544; x_wconf 86' lang='lat' dir='ltr'>nuptias</span> <span class='ocrx_word' id='word_1_179' title='bbox 929 2455 1119 2536; x_wconf 86' lang='lat' dir='ltr'>ambirent;</span> <span class='ocrx_word' id='word_1_180' title='bbox 1144 2463 1240 2522; x_wconf 90' lang='lat' dir='ltr'>erant</span> <span class='ocrx_word' id='word_1_181' title='bbox 1262 2456 1455 2544; x_wconf 84' lang='lat' dir='ltr'>puellarum</span> <span class='ocrx_word' id='word_1_182' title='bbox 1478 2460 1605 2522; x_wconf 90' lang='lat' dir='ltr'>matres</span> 
     </span>
     <span class='ocr_line' id='line_1_21' title="bbox 283 2559 1604 2652; baseline -0.002 -24"><span class='ocrx_word' id='word_1_183' title='bbox 283 2568 318 2628; x_wconf 91' lang='lat' dir='ltr'>et</span> <span class='ocrx_word' id='word_1_184' title='bbox 329 2562 468 2629; x_wconf 87' lang='lat' dir='ltr'>fortasse</span> <span class='ocrx_word' id='word_1_185' title='bbox 480 2560 582 2627; x_wconf 89' lang='lat' dir='ltr'>ctiam</span> <span class='ocrx_word' id='word_1_186' title='bbox 600 2566 724 2648; x_wconf 87' lang='lat' dir='ltr'>patres.</span> <span class='ocrx_word' id='word_1_187' title='bbox 741 2567 821 2628; x_wconf 84' lang='lat' dir='ltr'>Erat</span> <span class='ocrx_word' id='word_1_188' title='bbox 835 2559 937 2626; x_wconf 90' lang='lat' dir='ltr'>factio</span> <span class='ocrx_word' id='word_1_189' title='bbox 956 2567 1038 2628; x_wconf 89' lang='lat' dir='ltr'>nata</span> <span class='ocrx_word' id='word_1_190' title='bbox 1056 2561 1147 2627; x_wconf 87' lang='lat' dir='ltr'>inter</span> <span class='ocrx_word' id='word_1_191' title='bbox 1166 2563 1353 2651; x_wconf 91' lang='lat' dir='ltr'>prophetae</span> <span class='ocrx_word' id='word_1_192' title='bbox 1372 2563 1604 2652; x_wconf 73' lang='lat' dir='ltr'>propinqum,</span> 
     </span>
     <span class='ocr_line' id='line_1_22' title="bbox 283 2665 1604 2758; baseline 0 -24"><span class='ocrx_word' id='word_1_193' title='bbox 283 2672 383 2734; x_wconf 87' lang='lat' dir='ltr'>aucta</span> <span class='ocrx_word' id='word_1_194' title='bbox 411 2667 483 2733; x_wconf 91' lang='lat' dir='ltr'>eius</span> <span class='ocrx_word' id='word_1_195' title='bbox 512 2665 685 2732; x_wconf 87' lang='lat' dir='ltr'>fidissimis</span> <span class='ocrx_word' id='word_1_196' title='bbox 712 2667 841 2735; x_wconf 81' lang='lat' dir='ltr'>amicis</span> <span class='ocrx_word' id='word_1_197' title='bbox 871 2672 948 2734; x_wconf 83' lang='lat' dir='ltr'>Erat</span> <span class='ocrx_word' id='word_1_198' title='bbox 976 2668 1078 2734; x_wconf 90' lang='lat' dir='ltr'>factio</span> <span class='ocrx_word' id='word_1_199' title='bbox 1105 2668 1278 2758; x_wconf 91' lang='lat' dir='ltr'>imprimis</span> <span class='ocrx_word' id='word_1_200' title='bbox 1303 2669 1504 2750; x_wconf 87' lang='lat' dir='ltr'>mulierum,</span> <span class='ocrx_word' id='word_1_201' title='bbox 1541 2668 1604 2734; x_wconf 89' lang='lat' dir='ltr'>lin·</span> 
     </span>
     <span class='ocr_line' id='line_1_23' title="bbox 281 2771 1606 2862; baseline 0 -22"><span class='ocrx_word' id='word_1_202' title='bbox 281 2774 358 2861; x_wconf 81' lang='lat' dir='ltr'>guis</span> <span class='ocrx_word' id='word_1_203' title='bbox 381 2771 548 2838; x_wconf 86' lang='lat' dir='ltr'>dimicans</span> <span class='ocrx_word' id='word_1_204' title='bbox 562 2776 664 2860; x_wconf 91' lang='lat' dir='ltr'>atque</span> <span class='ocrx_word' id='word_1_205' title='bbox 679 2772 906 2839; x_wconf 91' lang='lat' dir='ltr'>muliebribus</span> <span class='ocrx_word' id='word_1_206' title='bbox 920 2774 1062 2842; x_wconf 88' lang='lat' dir='ltr'>artibus.</span> <span class='ocrx_word' id='word_1_207' title='bbox 1081 2778 1190 2858; x_wconf 91' lang='lat' dir='ltr'>Unum</span> <span class='ocrx_word' id='word_1_208' title='bbox 1209 2775 1388 2842; x_wconf 88' lang='lat' dir='ltr'>considera</span> <span class='ocrx_word' id='word_1_209' title='bbox 1404 2774 1606 2862; x_wconf 83' lang='lat' dir='ltr'>linguarum</span> 
     </span>
     <span class='ocr_line' id='line_1_24' title="bbox 281 2876 1602 2968; baseline 0 -22"><span class='ocrx_word' id='word_1_210' title='bbox 281 2880 431 2947; x_wconf 88' lang='lat' dir='ltr'>iaculum</span> <span class='ocrx_word' id='word_1_211' title='bbox 456 2900 464 2946; x_wconf 92' lang='lat'>:</span> <span class='ocrx_word' id='word_1_212' title='bbox 490 2876 664 2966; x_wconf 89' lang='lat' dir='ltr'>Sephorae</span> <span class='ocrx_word' id='word_1_213' title='bbox 683 2900 809 2944; x_wconf 90' lang='lat' dir='ltr'>nomen</span> <span class='ocrx_word' id='word_1_214' title='bbox 827 2901 898 2946; x_wconf 92' lang='lat' dir='ltr'>non</span> <span class='ocrx_word' id='word_1_215' title='bbox 920 2881 989 2946; x_wconf 91' lang='lat' dir='ltr'>iam</span> <span class='ocrx_word' id='word_1_216' title='bbox 1009 2881 1297 2968; x_wconf 86' lang='lat' dir='ltr'>pronuntiabant,</span> <span class='ocrx_word' id='word_1_217' title='bbox 1322 2881 1503 2949; x_wconf 88' lang='lat' dir='ltr'>mulierem</span> <span class='ocrx_word' id='word_1_218' title='bbox 1534 2882 1602 2946; x_wconf 83' lang='lat' dir='ltr'>Cu-</span> 
     </span>
     <span class='ocr_line' id='line_1_25' title="bbox 282 2983 1602 3076; baseline 0.002 -24"><span class='ocrx_word' id='word_1_219' title='bbox 282 2983 427 3053; x_wconf 82' lang='lat' dir='ltr'>selu&#39;tum</span> <span class='ocrx_word' id='word_1_220' title='bbox 449 2983 709 3073; x_wconf 90' lang='lat' dir='ltr'>appellitabant.</span> <span class='ocrx_word' id='word_1_221' title='bbox 739 2987 763 3051; x_wconf 90' lang='lat'>0</span> <span class='ocrx_word' id='word_1_222' title='bbox 788 2985 875 3052; x_wconf 91' lang='lat' dir='ltr'>tanti</span> <span class='ocrx_word' id='word_1_223' title='bbox 899 2984 963 3051; x_wconf 92' lang='lat' dir='ltr'>viri</span> <span class='ocrx_word' id='word_1_224' title='bbox 986 2986 1187 3076; x_wconf 88' lang='lat' dir='ltr'>probrosam</span> <span class='ocrx_word' id='word_1_225' title='bbox 1210 2987 1401 3068; x_wconf 89' lang='lat' dir='ltr'>vesaniam,</span> <span class='ocrx_word' id='word_1_226' title='bbox 1420 2987 1512 3076; x_wconf 92' lang='lat' dir='ltr'>quod</span> <span class='ocrx_word' id='word_1_227' title='bbox 1538 2992 1602 3054; x_wconf 89' lang='lat' dir='ltr'>Cu-</span> 
     </span>
     <span class='ocr_line' id='line_1_26' title="bbox 283 3089 1602 3184; baseline 0.001 -25"><span class='ocrx_word' id='word_1_228' title='bbox 283 3093 426 3160; x_wconf 90' lang='lat' dir='ltr'>schitam</span> <span class='ocrx_word' id='word_1_229' title='bbox 444 3089 593 3156; x_wconf 84' lang='lat' dir='ltr'>duxerit!</span> <span class='ocrx_word' id='word_1_230' title='bbox 616 3091 709 3178; x_wconf 92' lang='lat' dir='ltr'>quod</span> <span class='ocrx_word' id='word_1_231' title='bbox 726 3098 846 3181; x_wconf 89' lang='lat' dir='ltr'>sponte</span> <span class='ocrx_word' id='word_1_232' title='bbox 858 3092 1074 3160; x_wconf 88' lang='lat' dir='ltr'>recedentem</span> <span class='ocrx_word' id='word_1_233' title='bbox 1087 3116 1157 3161; x_wconf 91' lang='lat' dir='ltr'>non</span> <span class='ocrx_word' id='word_1_234' title='bbox 1171 3093 1420 3183; x_wconf 80' lang='lat' dir='ltr'>repudiaverit!</span> <span class='ocrx_word' id='word_1_235' title='bbox 1442 3093 1535 3184; x_wconf 91' lang='lat' dir='ltr'>quod</span> <span class='ocrx_word' id='word_1_236' title='bbox 1549 3116 1602 3160; x_wconf 89' lang='lat' dir='ltr'>re·</span> 
     </span>
     <span class='ocr_line' id='line_1_27' title="bbox 281 3196 1533 3290; baseline 0 -23"><span class='ocrx_word' id='word_1_237' title='bbox 281 3204 398 3289; x_wconf 88' lang='lat' dir='ltr'>ceptae</span> <span class='ocrx_word' id='word_1_238' title='bbox 416 3219 486 3262; x_wconf 93' lang='lat' dir='ltr'>non</span> <span class='ocrx_word' id='word_1_239' title='bbox 506 3197 650 3263; x_wconf 88' lang='lat' dir='ltr'>alteram</span> <span class='ocrx_word' id='word_1_240' title='bbox 666 3196 859 3264; x_wconf 85' lang='lat' dir='ltr'>adiunxerit</span> <span class='ocrx_word' id='word_1_241' title='bbox 874 3205 975 3288; x_wconf 90' lang='lat' dir='ltr'>atque</span> <span class='ocrx_word' id='word_1_242' title='bbox 988 3200 1187 3288; x_wconf 89' lang='lat' dir='ltr'>praetulerit</span> <span class='ocrx_word' id='word_1_243' title='bbox 1200 3205 1357 3266; x_wconf 86' lang='lat' dir='ltr'>uxorem!</span> <span class='ocrx_word' id='word_1_244' title='bbox 1375 3200 1424 3268; x_wconf 84' lang='lat' dir='ltr'>cf.</span> <span class='ocrx_word' id='word_1_245' title='bbox 1446 3203 1533 3290; x_wconf 85' lang='lat' dir='ltr'>Hup.</span> 
     </span>
    </p>

    <p class='ocr_par' dir='ltr' id='par_1_4' title="bbox 279 3305 1604 4892">
     <span class='ocr_line' id='line_1_28' title="bbox 325 3305 1604 3398; baseline -0.002 -24"><span class='ocrx_word' id='word_1_246' title='bbox 325 3313 449 3393; x_wconf 85' lang='lat' dir='ltr'>Moyses</span> <span class='ocrx_word' id='word_1_247' title='bbox 473 3312 630 3372; x_wconf 87' lang='lat' dir='ltr'>econtra</span> <span class='ocrx_word' id='word_1_248' title='bbox 655 3325 754 3371; x_wconf 87' lang='lat' dir='ltr'>verus</span> <span class='ocrx_word' id='word_1_249' title='bbox 773 3305 957 3372; x_wconf 88' lang='lat' dir='ltr'>Hebraeus.</span> <span class='ocrx_word' id='word_1_250' title='bbox 981 3305 1109 3378; x_wconf 85' lang='lat' dir='ltr'>Semini</span> <span class='ocrx_word' id='word_1_251' title='bbox 1123 3307 1279 3373; x_wconf 82' lang='lat' dir='ltr'>Abrahae</span> <span class='ocrx_word' id='word_1_252' title='bbox 1300 3305 1430 3373; x_wconf 88' lang='lat' dir='ltr'>sciebat</span> <span class='ocrx_word' id='word_1_253' title='bbox 1459 3307 1604 3398; x_wconf 91' lang='lat' dir='ltr'>promis-</span> 
     </span>
     <span class='ocr_line' id='line_1_29' title="bbox 281 3410 1601 3498; baseline -0.002 -16"><span class='ocrx_word' id='word_1_254' title='bbox 281 3417 392 3483; x_wconf 88' lang='lat' dir='ltr'>siones</span> <span class='ocrx_word' id='word_1_255' title='bbox 414 3439 485 3483; x_wconf 87' lang='lat' dir='ltr'>esse</span> <span class='ocrx_word' id='word_1_256' title='bbox 509 3416 630 3494; x_wconf 86' lang='lat' dir='ltr'>facias,</span> <span class='ocrx_word' id='word_1_257' title='bbox 660 3411 853 3498; x_wconf 81' lang='lat' dir='ltr'>delumbis</span> <span class='ocrx_word' id='word_1_258' title='bbox 875 3410 979 3478; x_wconf 90' lang='lat' dir='ltr'>iudae</span> <span class='ocrx_word' id='word_1_259' title='bbox 1005 3411 1214 3480; x_wconf 90' lang='lat' dir='ltr'>nasciturum</span> <span class='ocrx_word' id='word_1_260' title='bbox 1240 3419 1448 3480; x_wconf 88' lang='lat' dir='ltr'>servatorem</span> <span class='ocrx_word' id='word_1_261' title='bbox 1469 3413 1601 3480; x_wconf 91' lang='lat' dir='ltr'>mundi.</span> 
     </span>
     <span class='ocr_line' id='line_1_30' title="bbox 282 3511 1604 3606; baseline -0.002 -17"><span class='ocrx_word' id='word_1_262' title='bbox 282 3525 484 3589; x_wconf 89' lang='lat' dir='ltr'>Generosius</span> <span class='ocrx_word' id='word_1_263' title='bbox 498 3526 613 3588; x_wconf 90' lang='lat' dir='ltr'>tamen</span> <span class='ocrx_word' id='word_1_264' title='bbox 632 3517 819 3584; x_wconf 88' lang='lat' dir='ltr'>desemine</span> <span class='ocrx_word' id='word_1_265' title='bbox 838 3517 944 3584; x_wconf 91' lang='lat' dir='ltr'>eleeto</span> <span class='ocrx_word' id='word_1_266' title='bbox 961 3519 1129 3585; x_wconf 89' lang='lat' dir='ltr'>sentiebat</span> <span class='ocrx_word' id='word_1_267' title='bbox 1139 3511 1150 3600; x_wconf 79' lang='grc'>,’</span> <span class='ocrx_word' id='word_1_268' title='bbox 1169 3518 1381 3606; x_wconf 81' lang='lat' dir='ltr'>alienigenas</span> <span class='ocrx_word' id='word_1_269' title='bbox 1406 3519 1532 3602; x_wconf 79' lang='lat' dir='ltr'>dociles</span> <span class='ocrx_word' id='word_1_270' title='bbox 1549 3519 1604 3586; x_wconf 91' lang='lat' dir='ltr'>iu-</span> 
     </span>
     <span class='ocr_line' id='line_1_31' title="bbox 282 3623 1603 3716; baseline 0.001 -20"><span class='ocrx_word' id='word_1_271' title='bbox 282 3629 419 3696; x_wconf 88' lang='lat' dir='ltr'>dicabat</span> <span class='ocrx_word' id='word_1_272' title='bbox 437 3629 480 3696; x_wconf 91' lang='lat' dir='ltr'>ad</span> <span class='ocrx_word' id='word_1_273' title='bbox 495 3650 590 3695; x_wconf 88' lang='lat' dir='ltr'>sacra</span> <span class='ocrx_word' id='word_1_274' title='bbox 606 3634 639 3694; x_wconf 89' lang='lat' dir='ltr'>et</span> <span class='ocrx_word' id='word_1_275' title='bbox 653 3623 839 3716; x_wconf 82' lang='lat' dir='ltr'>privilegia</span> <span class='ocrx_word' id='word_1_276' title='bbox 853 3627 1083 3696; x_wconf 87' lang='lat' dir='ltr'>Hebraeorum</span> <span class='ocrx_word' id='word_1_277' title='bbox 1099 3648 1196 3714; x_wconf 89' lang='lat' dir='ltr'>posse</span> <span class='ocrx_word' id='word_1_278' title='bbox 1215 3625 1362 3699; x_wconf 78' lang='lat' dir='ltr'>admitti,</span> <span class='ocrx_word' id='word_1_279' title='bbox 1378 3633 1504 3696; x_wconf 88' lang='lat' dir='ltr'>Eorum</span> <span class='ocrx_word' id='word_1_280' title='bbox 1517 3633 1603 3698; x_wconf 88' lang='lat' dir='ltr'>mul·</span> 
     </span>
     <span class='ocr_line' id='line_1_32' title="bbox 282 3735 1603 3826; baseline 0.001 -23"><span class='ocrx_word' id='word_1_281' title='bbox 282 3735 462 3803; x_wconf 91' lang='lat' dir='ltr'>titudinem</span> <span class='ocrx_word' id='word_1_282' title='bbox 488 3757 605 3826; x_wconf 85' lang='lat' dir='ltr'>passus</span> <span class='ocrx_word' id='word_1_283' title='bbox 628 3739 702 3801; x_wconf 91' lang='lat' dir='ltr'>erat</span> <span class='ocrx_word' id='word_1_284' title='bbox 726 3735 957 3802; x_wconf 88' lang='lat' dir='ltr'>Hebraeorum</span> <span class='ocrx_word' id='word_1_285' title='bbox 979 3757 1018 3801; x_wconf 87' lang='lat' dir='ltr'>ex</span> <span class='ocrx_word' id='word_1_286' title='bbox 1035 3740 1191 3824; x_wconf 77' lang='lat' dir='ltr'>Aegypto</span> <span class='ocrx_word' id='word_1_287' title='bbox 1207 3735 1453 3822; x_wconf 81' lang='lat' dir='ltr'>emigrantium</span> <span class='ocrx_word' id='word_1_288' title='bbox 1469 3739 1603 3823; x_wconf 81' lang='lat' dir='ltr'>agmini</span> 
     </span>
     <span class='ocr_line' id='line_1_33' title="bbox 280 3840 1602 3930; baseline 0.001 -21"><span class='ocrx_word' id='word_1_289' title='bbox 280 3843 484 3922; x_wconf 87' lang='lat' dir='ltr'>adhaerere;</span> <span class='ocrx_word' id='word_1_290' title='bbox 514 3863 586 3922; x_wconf 91' lang='lat' dir='ltr'>eos,</span> <span class='ocrx_word' id='word_1_291' title='bbox 615 3847 651 3906; x_wconf 87' lang='lat' dir='ltr'>ut</span> <span class='ocrx_word' id='word_1_292' title='bbox 675 3840 934 3907; x_wconf 88' lang='lat' dir='ltr'>circumcisione</span> <span class='ocrx_word' id='word_1_293' title='bbox 956 3863 1065 3930; x_wconf 89' lang='lat' dir='ltr'>acqua</span> <span class='ocrx_word' id='word_1_294' title='bbox 1085 3863 1161 3907; x_wconf 89' lang='lat' dir='ltr'>cum</span> <span class='ocrx_word' id='word_1_295' title='bbox 1188 3842 1349 3909; x_wconf 88' lang='lat' dir='ltr'>Hebraeis</span> <span class='ocrx_word' id='word_1_296' title='bbox 1366 3845 1444 3909; x_wconf 89' lang='lat' dir='ltr'>iura</span> <span class='ocrx_word' id='word_1_297' title='bbox 1463 3844 1602 3926; x_wconf 90' lang='lat' dir='ltr'>nancis-</span> 
     </span>
     <span class='ocr_line' id='line_1_34' title="bbox 281 3947 1604 4040; baseline -0.001 -23"><span class='ocrx_word' id='word_1_298' title='bbox 281 3953 450 4032; x_wconf 85' lang='lat' dir='ltr'>cerentur,</span> <span class='ocrx_word' id='word_1_299' title='bbox 477 3947 680 4014; x_wconf 88' lang='lat' dir='ltr'>hortabatur</span> <span class='ocrx_word' id='word_1_300' title='bbox 704 3951 769 4033; x_wconf 81' lang='lat' dir='ltr'>(Es.</span> <span class='ocrx_word' id='word_1_301' title='bbox 798 3952 923 4032; x_wconf 70' lang='lat' dir='ltr'>12,b8).</span> <span class='ocrx_word' id='word_1_302' title='bbox 953 3952 1067 4037; x_wconf 90' lang='lat' dir='ltr'>Neque</span> <span class='ocrx_word' id='word_1_303' title='bbox 1091 3948 1340 4036; x_wconf 88' lang='lat' dir='ltr'>vituperandus</span> <span class='ocrx_word' id='word_1_304' title='bbox 1361 3951 1481 4031; x_wconf 86' lang='lat' dir='ltr'>homo,</span> <span class='ocrx_word' id='word_1_305' title='bbox 1510 3950 1604 4040; x_wconf 91' lang='lat' dir='ltr'>quod</span> 
     </span>
     <span class='ocr_line' id='line_1_35' title="bbox 280 4054 1600 4137; baseline 0.001 -14"><span class='ocrx_word' id='word_1_306' title='bbox 280 4057 396 4123; x_wconf 89' lang='lat' dir='ltr'>datam</span> <span class='ocrx_word' id='word_1_307' title='bbox 424 4054 519 4120; x_wconf 85' lang='lat' dir='ltr'>uxori</span> <span class='ocrx_word' id='word_1_308' title='bbox 543 4054 647 4120; x_wconf 88' lang='lat' dir='ltr'>tidem</span> <span class='ocrx_word' id='word_1_309' title='bbox 675 4055 731 4119; x_wconf 84' lang='lat' dir='ltr'>Ex.</span> <span class='ocrx_word' id='word_1_310' title='bbox 761 4059 801 4121; x_wconf 88' lang='lat'>18</span> <span class='ocrx_word' id='word_1_311' title='bbox 825 4055 1027 4137; x_wconf 88' lang='lat' dir='ltr'>servaverit,</span> <span class='ocrx_word' id='word_1_312' title='bbox 1056 4054 1137 4121; x_wconf 92' lang='lat' dir='ltr'>licet</span> <span class='ocrx_word' id='word_1_313' title='bbox 1161 4077 1238 4122; x_wconf 91' lang='lat' dir='ltr'>eam</span> <span class='ocrx_word' id='word_1_314' title='bbox 1263 4061 1337 4122; x_wconf 91' lang='lat' dir='ltr'>tum</span> <span class='ocrx_word' id='word_1_315' title='bbox 1360 4057 1502 4123; x_wconf 89' lang='lat' dir='ltr'>fortasse</span> <span class='ocrx_word' id='word_1_316' title='bbox 1531 4079 1600 4125; x_wconf 92' lang='lat' dir='ltr'>non</span> 
     </span>
     <span class='ocr_line' id='line_1_36' title="bbox 280 4159 1602 4253; baseline 0.001 -24"><span class='ocrx_word' id='word_1_317' title='bbox 280 4165 405 4230; x_wconf 89' lang='lat' dir='ltr'>iniuste</span> <span class='ocrx_word' id='word_1_318' title='bbox 433 4160 617 4251; x_wconf 90' lang='lat' dir='ltr'>repudiare</span> <span class='ocrx_word' id='word_1_319' title='bbox 643 4160 818 4249; x_wconf 90' lang='lat' dir='ltr'>potuisset.</span> <span class='ocrx_word' id='word_1_320' title='bbox 849 4159 988 4227; x_wconf 89' lang='lat' dir='ltr'>Videtur</span> <span class='ocrx_word' id='word_1_321' title='bbox 1011 4161 1112 4228; x_wconf 90' lang='lat' dir='ltr'>luisse</span> <span class='ocrx_word' id='word_1_322' title='bbox 1138 4162 1243 4227; x_wconf 91' lang='lat' dir='ltr'>homo</span> <span class='ocrx_word' id='word_1_323' title='bbox 1265 4185 1336 4229; x_wconf 90' lang='lat' dir='ltr'>non</span> <span class='ocrx_word' id='word_1_324' title='bbox 1359 4163 1513 4246; x_wconf 87' lang='lat' dir='ltr'>uxorius,</span> <span class='ocrx_word' id='word_1_325' title='bbox 1543 4165 1602 4253; x_wconf 89' lang='lat' dir='ltr'>qui</span> 
     </span>
     <span class='ocr_line' id='line_1_37' title="bbox 281 4266 1600 4357; baseline 0.003 -24"><span class='ocrx_word' id='word_1_326' title='bbox 281 4291 350 4334; x_wconf 89' lang='lat' dir='ltr'>una</span> <span class='ocrx_word' id='word_1_327' title='bbox 369 4273 548 4334; x_wconf 90' lang='lat' dir='ltr'>contentus</span> <span class='ocrx_word' id='word_1_328' title='bbox 567 4289 672 4334; x_wconf 83' lang='lat' dir='ltr'>uxore</span> <span class='ocrx_word' id='word_1_329' title='bbox 694 4266 895 4356; x_wconf 85' lang='lat' dir='ltr'>polygamia</span> <span class='ocrx_word' id='word_1_330' title='bbox 919 4267 1116 4334; x_wconf 86' lang='lat' dir='ltr'>abstineret.</span> <span class='ocrx_word' id='word_1_331' title='bbox 1138 4268 1317 4357; x_wconf 85' lang='lat' dir='ltr'>Sapienter</span> <span class='ocrx_word' id='word_1_332' title='bbox 1330 4269 1424 4336; x_wconf 92' lang='lat' dir='ltr'>idem</span> <span class='ocrx_word' id='word_1_333' title='bbox 1442 4269 1600 4337; x_wconf 88' lang='lat' dir='ltr'>secundis</span> 
     </span>
     <span class='ocr_line' id='line_1_38' title="bbox 281 4373 1599 4463; baseline 0.004 -24"><span class='ocrx_word' id='word_1_334' title='bbox 281 4395 359 4439; x_wconf 89' lang='lat' dir='ltr'>curn</span> <span class='ocrx_word' id='word_1_335' title='bbox 383 4374 533 4441; x_wconf 89' lang='lat' dir='ltr'>hebraea</span> <span class='ocrx_word' id='word_1_336' title='bbox 564 4373 694 4463; x_wconf 90' lang='lat' dir='ltr'>nuptiis</span> <span class='ocrx_word' id='word_1_337' title='bbox 718 4373 879 4440; x_wconf 89' lang='lat' dir='ltr'>ineundis</span> <span class='ocrx_word' id='word_1_338' title='bbox 902 4373 1166 4462; x_wconf 89' lang='lat' dir='ltr'>supersedebat,</span> <span class='ocrx_word' id='word_1_339' title='bbox 1190 4397 1277 4463; x_wconf 89' lang='lat' dir='ltr'>quae</span> <span class='ocrx_word' id='word_1_340' title='bbox 1309 4381 1343 4442; x_wconf 91' lang='lat' dir='ltr'>et</span> <span class='ocrx_word' id='word_1_341' title='bbox 1371 4375 1443 4442; x_wconf 88' lang='lat' dir='ltr'>eius</span> <span class='ocrx_word' id='word_1_342' title='bbox 1471 4375 1599 4462; x_wconf 76' lang='lat' dir='ltr'>tribuS‚</span> 
     </span>
     <span class='ocr_line' id='line_1_39' title="bbox 280 4479 1602 4570; baseline 0.002 -24"><span class='ocrx_word' id='word_1_343' title='bbox 280 4480 375 4570; x_wconf 90' lang='lat' dir='ltr'>cuius</span> <span class='ocrx_word' id='word_1_344' title='bbox 401 4485 486 4545; x_wconf 91' lang='lat' dir='ltr'>esset</span> <span class='ocrx_word' id='word_1_345' title='bbox 509 4503 549 4546; x_wconf 88' lang='lat' dir='ltr'>ea</span> <span class='ocrx_word' id='word_1_346' title='bbox 577 4481 712 4564; x_wconf 87' lang='lat' dir='ltr'>mulier,</span> <span class='ocrx_word' id='word_1_347' title='bbox 741 4479 978 4547; x_wconf 88' lang='lat' dir='ltr'>auctoritatem</span> <span class='ocrx_word' id='word_1_348' title='bbox 1002 4488 1284 4567; x_wconf 81' lang='lat' dir='ltr'>exaggerasscnt,</span> <span class='ocrx_word' id='word_1_349' title='bbox 1309 4486 1343 4548; x_wconf 91' lang='lat' dir='ltr'>et</span> <span class='ocrx_word' id='word_1_350' title='bbox 1366 4482 1512 4549; x_wconf 89' lang='lat' dir='ltr'>aliarum</span> <span class='ocrx_word' id='word_1_351' title='bbox 1540 4481 1602 4549; x_wconf 91' lang='lat' dir='ltr'>tri-</span> 
     </span>
     <span class='ocr_line' id='line_1_40' title="bbox 280 4585 1601 4676; baseline 0.002 -22"><span class='ocrx_word' id='word_1_352' title='bbox 280 4589 387 4654; x_wconf 90' lang='lat' dir='ltr'>buum</span> <span class='ocrx_word' id='word_1_353' title='bbox 417 4585 563 4653; x_wconf 88' lang='lat' dir='ltr'>invidias</span> <span class='ocrx_word' id='word_1_354' title='bbox 592 4586 826 4669; x_wconf 86' lang='lat' dir='ltr'>suscitassent,</span> <span class='ocrx_word' id='word_1_355' title='bbox 850 4586 1024 4676; x_wconf 91' lang='lat' dir='ltr'>ipsiusque</span> <span class='ocrx_word' id='word_1_356' title='bbox 1053 4587 1170 4673; x_wconf 88' lang='lat' dir='ltr'>Moysis</span> <span class='ocrx_word' id='word_1_357' title='bbox 1191 4588 1334 4655; x_wconf 84' lang='lat' dir='ltr'>fortasse</span> <span class='ocrx_word' id='word_1_358' title='bbox 1361 4589 1601 4656; x_wconf 89' lang='lat' dir='ltr'>auctoritatem</span> 
     </span>
     <span class='ocr_line' id='line_1_41' title="bbox 279 4693 1600 4785; baseline 0.004 -25"><span class='ocrx_word' id='word_1_359' title='bbox 279 4693 556 4776; x_wconf 86' lang='lat' dir='ltr'>labefactassent,</span> <span class='ocrx_word' id='word_1_360' title='bbox 575 4693 646 4760; x_wconf 92' lang='lat' dir='ltr'>eius</span> <span class='ocrx_word' id='word_1_361' title='bbox 660 4694 748 4760; x_wconf 88' lang='lat' dir='ltr'>natis</span> <span class='ocrx_word' id='word_1_362' title='bbox 768 4693 937 4782; x_wconf 89' lang='lat' dir='ltr'>quaedam</span> <span class='ocrx_word' id='word_1_363' title='bbox 954 4693 1067 4760; x_wconf 90' lang='lat' dir='ltr'>minus</span> <span class='ocrx_word' id='word_1_364' title='bbox 1087 4698 1176 4760; x_wconf 88' lang='lat' dir='ltr'>recte</span> <span class='ocrx_word' id='word_1_365' title='bbox 1195 4695 1379 4782; x_wconf 83' lang='lat' dir='ltr'>agentibus</span> <span class='ocrx_word' id='word_1_366' title='bbox 1396 4695 1452 4785; x_wconf 82' lang='lat' dir='ltr'>(cl.</span> <span class='ocrx_word' id='word_1_367' title='bbox 1472 4703 1487 4762; x_wconf 94' lang='lat'>1</span> <span class='ocrx_word' id='word_1_368' title='bbox 1511 4699 1600 4784; x_wconf 84' lang='lat' dir='ltr'>Heg.</span> 
     </span>
     <span class='ocr_line' id='line_1_42' title="bbox 279 4797 1601 4892; baseline 0.002 -25"><span class='ocrx_word' id='word_1_369' title='bbox 279 4809 358 4882; x_wconf 65' lang='lat' dir='ltr'>2,st</span> <span class='ocrx_word' id='word_1_370' title='bbox 375 4822 468 4890; x_wconf 94' lang='lat' dir='ltr'>sqq.;</span> <span class='ocrx_word' id='word_1_371' title='bbox 484 4799 570 4888; x_wconf 86' lang='lat'>8,3).</span> <span class='ocrx_word' id='word_1_372' title='bbox 590 4799 775 4866; x_wconf 82' lang='lat' dir='ltr'>Fatendum</span> <span class='ocrx_word' id='word_1_373' title='bbox 791 4806 905 4866; x_wconf 89' lang='lat' dir='ltr'>tamen</span> <span class='ocrx_word' id='word_1_374' title='bbox 921 4803 984 4880; x_wconf 89' lang='lat' dir='ltr'>est,</span> <span class='ocrx_word' id='word_1_375' title='bbox 1004 4797 1058 4866; x_wconf 91' lang='lat' dir='ltr'>his</span> <span class='ocrx_word' id='word_1_376' title='bbox 1078 4800 1188 4867; x_wconf 88' lang='lat' dir='ltr'>turbis</span> <span class='ocrx_word' id='word_1_377' title='bbox 1209 4807 1342 4890; x_wconf 90' lang='lat' dir='ltr'>Moysen</span> <span class='ocrx_word' id='word_1_378' title='bbox 1356 4824 1484 4892; x_wconf 88' lang='lat' dir='ltr'>poenas</span> <span class='ocrx_word' id='word_1_379' title='bbox 1495 4803 1601 4870; x_wconf 90' lang='lat' dir='ltr'>etiam</span> 
     </span>
    </p>
   </div>
   <div class='ocr_carea' id='block_1_4' title="bbox 0 0 1768 5400">
    <p class='ocr_par' dir='ltr' id='par_1_5' title="bbox 0 0 1768 5400">
     <span class='ocr_line' id='line_1_43' title="bbox 0 0 1768 5400; baseline 0 0"><span class='ocrx_word' id='word_1_380' title='bbox 0 0 1768 5400; x_wconf 95' lang='lat' dir='ltr'> </span> 
     </span>
    </p>
   </div>
  </div>
 </body>
</html>
