3538 5404
276 409 315 466 bt
702 422 780 465 ‚iera
800 423 953 466 sruarrma
975 423 1168 468 rosreuiorm.

276 578 354 623 rum
369 577 483 622 coram
500 555 602 620 lahve
617 554 751 621 fierent.
764 559 842 622 Erat
853 555 1063 645 periculum,
1080 579 1124 623 ne
1138 557 1219 624 illae
1233 556 1399 646 completi
1413 577 1594 622 nazaraea-

277 670 331 730 tus
345 662 566 730 mactationes
577 662 720 752 profano
734 662 803 727 ritu
818 669 1080 751 peragerentur.
1097 667 1206 740 Quare
1222 668 1347 751 Moyses
1361 664 1474 749 legem
1490 684 1522 728 v.
1539 669 1594 728 13-

282 775 321 836 21
349 769 443 852 tulit,
468 769 608 836 fortasse
636 767 856 858 praecedenti
882 769 954 856 legi
987 792 1018 836 v.
1049 776 1129 836 9-12
1157 768 1347 859 adscripsit.
1377 773 1464 836 liaeo
1490 789 1594 855 agens

278 881 435 942 votorum
461 881 494 942 et
517 875 741 964 pacificorum
771 875 942 942 sanctitati
969 876 1184 958 consulebat,
1211 880 1453 942 nazaraeatum
1480 874 1595 942 delae·

279 982 396 1063 cahat,
424 1003 608 1050 nazaraeos
640 981 772 1048 honore
810 986 1007 1071 prosecutus
1043 982 1108 1048 sibi
1137 987 1172 1049 et
1210 981 1445 1048 sacerdotibus
1476 981 1594 1048 devin-

279 1089 401 1157 ciebat.

314 1261 455 1323 QuaereS,
471 1261 565 1311 sintne
579 1262 699 1311 instituti
713 1264 898 1312 nazaraeatus
911 1261 986 1326 apud
998 1262 1118 1326 gentiles
1136 1261 1256 1326 vestigia
1275 1263 1378 1326 aliqua.
1393 1261 1497 1311 Vinum
1511 1274 1596 1324 penes

282 1351 402 1402 Semitas
416 1355 513 1400 natum
532 1355 590 1410 est,
606 1363 624 1399 a
638 1349 790 1413 Iapbetidis
805 1351 873 1411 iilis,
890 1353 937 1415 qui
953 1353 1041 1414 nryas
1056 1359 1200 1410 vocantur,
1218 1351 1247 1400 in
1267 1353 1327 1401 suis
1347 1351 1469 1413 antiquis
1484 1349 1597 1400 sedibus

278 1440 460 1504 ignorabatur
474 1437 515 1504 (F.
532 1441 690 1488 Lenormant
705 1451 714 1487 .·
730 1438 785 1489 Les
798 1440 922 1502 origines
936 1439 971 1490 de
984 1439 1121 1490 l'histoire
1137 1439 1173 1489 II.
1193 1437 1243 1490 ris
1265 1453 1320 1504 sq,
1338 1439 1416 1489 Paris
1439 1435 1525 1506 issi).
1542 1438 1596 1488 Alii

280 1531 364 1579 Asiae
379 1528 526 1578 anterioris
541 1528 637 1591 populi
656 1527 724 1578 deos
742 1527 877 1578 ebrietate
897 1529 988 1592 magis
1002 1542 1087 1593 quam
1106 1529 1276 1579 abstinentia
1298 1529 1438 1578 colebant.
1455 1527 1597 1579 caesariei

279 1617 332 1668 diis
346 1616 552 1666 consecrandae
565 1617 684 1680 vestigia
693 1617 781 1667 habes
790 1617 864 1680 apud
875 1617 1027 1680 Aegyptios
1041 1615 1157 1684 (ilerod.
1173 1616 1210 1668 11.
1227 1617 1275 1677 65;
1288 1617 1370 1668 Diod.
1389 1616 1444 1668 Sic.
1457 1617 1479 1666 1.
1497 1613 1595 1680 1833),

281 1707 367 1769 Syros
382 1701 506 1770 (Lucian.
520 1706 580 1756 :De
595 1705 649 1755 dea
663 1704 734 1768 Syra
746 1704 788 1768 60}
805 1707 940 1770 aliosque.
955 1707 1006 1756 Vel
1020 1706 1112 1756 medio
1126 1718 1198 1756 aevo
1211 1706 1402 1770 perseverarit
1414 1719 1492 1768 mos,
1507 1709 1537 1755 ut
1549 1706 1597 1756 ali·

280 1796 327 1858 qui
341 1806 393 1859 pro
407 1795 485 1843 certo
505 1795 630 1858 tempore
648 1807 679 1844 se
699 1797 765 1844 voto
787 1794 993 1858 obstringerent
1012 1794 1208 1859 producendae
1232 1798 1280 1844 aut
1302 1807 1398 1846 comae
1418 1800 1466 1844 aut
1485 1793 1595 1844 barbae.

280 1884 411 1934 Ceterum
426 1884 519 1932 missis
534 1883 681 1946 gentilium
695 1884 807 1943 ritibus,
822 1884 914 1947 placet
928 1889 1110 1934 nazaraeatus
1131 1883 1270 1946 originem
1290 1883 1319 1932 in
1332 1885 1393 1946 ipsa
1405 1885 1492 1946 stirpe
1511 1882 1598 1932 electa

215 1971 219 1976 '
280 1973 443 2022 coniectura
457 1971 578 2036 quadam
594 1971 769 2022 adumbrare.
785 1971 843 2022 Lex
857 1987 883 2022 v.
902 1971 949 2021 ei
963 1985 1019 2022 non
1034 1981 1091 2022 tam
1106 1971 1242 2036 prooessit
1257 1984 1292 2022 ex
1307 1971 1423 2022 horrore
1438 1971 1596 2029 ebrietatis,

281 2074 365 2124 quain
379 2073 395 2110 e
409 2073 491 2110 sacra
502 2061 624 2125 quadam
637 2061 807 2112 verecundia
818 2061 883 2111 uitia
899 2075 907 2109 :
923 2060 1057 2124 quidquid
1072 2075 1107 2111 ex
1120 2062 1177 2110 vite
1192 2063 1266 2120 erat,
1283 2061 1421 2110 asemine
1436 2060 1471 2110 ad
1486 2059 1599 2123 pellicu-

279 2152 350 2212 lam,
365 2149 418 2198 viri
433 2150 474 2198 illi
488 2151 699 2202 aversabantur.
715 2149 794 2209 Quae
812 2163 895 2213 porro
914 2151 986 2200 ratio
1003 2149 1055 2200 tuit
1068 2151 1137 2198 viris
1155 2150 1209 2213 piis
1222 2163 1237 2201 a
1252 2149 1340 2211 stirpe
1360 2149 1449 2200 electa
1467 2148 1598 2210 religiose

280 2239 475 2290 abhorrendae
488 2239 569 2290 titis?
582 2239 685 2290 Recole
698 2237 803 2289 iactum
815 2239 889 2299 Noe,
902 2238 976 2302 quod
986 2245 1014 2289 et
1027 2240 1164 2302 primatus
1178 2237 1346 2288 semitarum
1360 2241 1389 2288 et
1398 2237 1600 2287 exsecrationis

282 2329 515 2379 chananaeorum
529 2329 640 2378 occasio
655 2328 769 2380 exstitit.
787 2328 889 2390 Porro,
906 2328 953 2391 qui
968 2329 1032 2378 vitis
1047 2327 1182 2378 fructibus
1197 2327 1374 2378 abstinebant
1389 2327 1532 2386 homines,
1548 2338 1599 2374 ne-

283 2431 337 2481 que
350 2419 433 2468 vitem
446 2417 575 2468 colebant
588 2420 636 2468 aut
650 2417 793 2480 putabant.
811 2416 972 2467 Habebatur
985 2417 1071 2479 igitur
1085 2417 1212 2466 sanctum
1228 2415 1294 2478 quid
1309 2416 1374 2464 vitis
1389 2428 1446 2465 non
1461 2416 1558 2477 putata
1573 2416 1600 2464 et
1684 2471 1687 2475 ⁸

283 2507 363 2569 quasi
377 2519 485 2557 comam
503 2506 662 2556 demittens.
682 2506 772 2565 Quam
786 2505 946 2555 imitabatur
963 2505 1048 2554 homo
1060 2505 1201 2555 intonsam
1213 2515 1329 2554 servans
1347 2505 1508 2553 caesariem.
1525 2501 1600 2552 Haec

280 2596 366 2657 igitur
379 2595 523 2657 religionis
535 2599 719 2645 nazaraeatus
730 2595 811 2657 origo
823 2593 918 2657 aliqua
929 2605 991 2643 esse
1005 2595 1131 2656 potuere.

454 2802 483 2861 1.
499 2799 569 2862 Lea
585 2793 627 2861 de
640 2793 907 2884 obliqatt'onibas
919 2815 1168 2860 nazaraeorum
1182 2795 1286 2861 Num.
1304 2799 1434 2874 tta-13.

326 3002 409 3089 Arp.
426 3031 475 3045 -
491 2999 689 3067 Abstineant
703 2999 783 3065 vino
798 3005 881 3079 eta,
899 3019 1033 3065 comam
1047 3019 1091 3064 ne
1105 2997 1265 3074 tondant,
1284 3003 1498 3064 mortuorum
1518 3019 1601 3063 con-

285 3104 546 3174 taminationem
571 3103 710 3172 evitent.
743 3109 831 3172 Haec
858 3106 926 3172 tria
953 3109 1030 3171 voto
1055 3109 1212 3192 suscepta
1235 3125 1443 3170 nazaraeum
1471 3103 1602 3170 faciunt

283 3220 429 3303 suntque
446 3211 660 3280 observanda
675 3216 748 3278 toto
767 3211 944 3289 continuo,
967 3233 1116 3301 proquo
1137 3216 1255 3276 votum
1275 3209 1434 3276 emissum
1452 3215 1501 3276 est
1515 3215 1602 3276 tem·

283 3342 379 3408 pore.
402 3320 437 3386 Si
454 3305 590 3402 votum,
606 3320 679 3386 sine
694 3317 848 3386 voventis
862 3318 982 3406 culpa,
1000 3322 1079 3383 ante
1094 3317 1267 3405 expletum
1281 3321 1416 3405 tempus
1431 3315 1600 3394 laedatur,

284 3424 475 3513 expiatione
490 3447 576 3516 opus
590 3431 655 3509 est,
672 3430 748 3516 post
762 3445 882 3514 quam,
895 3428 1050 3512 tempore
1063 3430 1141 3489 ante
1155 3423 1341 3490 laesionem
1358 3423 1499 3490 minime
1512 3443 1603 3489 com-

285 3536 422 3620 putato,
440 3536 549 3598 totum
565 3537 684 3597 votum
699 3537 814 3598 manet
833 3530 1053 3620 explendum.

332 3639 416 3726 Gap.
441 3640 486 3705 l'I
497 3659 529 3704 v.
551 3644 566 3703 1
588 3637 610 3698 α’
630 3639 843 3726 luctatusque
858 3648 908 3703 ert
922 3637 1086 3702 Dornz'nns
1105 3633 1153 3701 ad
1173 3637 1314 3724 Moysen
1329 3634 1444 3734 dicens
1459 3663 1475 3698 »
1499 3654 1559 3703 εν.
1584 3641 1604 3700 2

289 3771 305 3805 a
327 3747 477 3832 Loquere
490 3743 538 3810 ad
549 3742 642 3832 filios
655 3742 762 3810 Israel
780 3756 812 3809 et
831 3742 922 3810 dices
936 3742 984 3809 ad
998 3765 1053 3808 eos
1067 3762 1080 3807 .·
1101 3742 1159 3808 Vir·
1177 3742 1247 3808 sice
1263 3739 1391 3807 rnalier
1407 3769 1422 3802 »
1437 3780 1482 3792 -
1500 3739 1603 3808 etiam

187 3931 193 3943 ·
287 3849 448 3916 mulieres
463 3848 506 3916 ad
526 3857 765 3916 nazaraeatum
785 3849 1057 3917 admittebantur
1071 3887 1116 3898 —
1132 3873 1148 3910 a
1167 3871 1244 3915 cnm
1262 3847 1410 3938 fecerint
1429 3859 1546 3914 cetam
1566 3859 1605 3913 ut

286 3956 555 4044 sanctificentur,
579 3969 612 4022 et
630 3979 664 4022 se
682 3955 854 4022 coluerint
872 3958 1019 4022 Domino
1043 3977 1291 4036 consecrare»,
1314 3993 1358 4004 -
1375 3957 1476 4021 Hebr.
1499 3975 1512 4020 .·
1528 3975 1604 4020 cnm

283 4062 586 4152 pronuntiaverint
614 4075 729 4129 'notrum
754 4062 1032 4146 consecrationis,
1059 4073 1098 4128 nt
1122 4075 1359 4128 consecrentur
1383 4059 1497 4127 [altce.
1527 4049 1602 4126 uini

290 4169 411 4236 (tiela.
428 4172 453 4237 S
454 4193 506 4258 pr.
519 4174 659 4236 vertunt
666 4168 780 4235 radice
789 4183 868 4241 niti,
882 4191 969 4256 quae
980 4167 1342 4257 anativaseqreqandi
1353 4167 1605 4253 significatione

287 4275 332 4341 ad
356 4276 642 4361 significationem
662 4274 751 4342 clare
772 4274 1028 4364 pronuntiandi
1051 4273 1250 4342 descendit:
1278 4275 1462 4340 censebant
1483 4275 1602 4360 igitur,

289 4380 393 4448 etiam
410 4383 598 4448 hebraeum
610 4370 671 4450 n'itt
686 4403 883 4470 aepmqaru,
895 4381 938 4446 ad
951 4380 1237 4466 significationem
1253 4381 1344 4446 clare
1350 4378 1606 4469 pronuntiandi

288 4487 480 4555 deflectere.
507 4488 602 4565 Quod
618 4493 667 4554 ost
696 4488 768 4553 veri
790 4487 1004 4554 simillimam
1029 4506 1037 4554 τ
1064 4493 1182 4554 votum
1207 4485 1297 4554 illud
1315 4492 1388 4553 tum
1410 4487 1520 4553 solum
1544 4508 1606 4577 pro

287 4600 362 4662 rato
374 4593 581 4676 habebatur,
601 4595 739 4683 quando
753 4592 964 4660 considerate
979 4599 1011 4659 et
1029 4615 1144 4660 eoram
1158 4594 1300 4660 testibus
1317 4593 1429 4659 luerat
1444 4591 1605 4658 emissum

287 4739 329 4752 -·
347 4724 378 4770 v.
398 4708 417 4767 3
435 4727 451 4762 u
468 4723 490 4766 a
505 4700 584 4766 cino
602 4701 758 4786 atamen,
777 4699 871 4791 qnod
887 4698 1057 4766 inebriare
1064 4711 1196 4790 potest,
1216 4699 1604 4766 abstinedririt.1lceturn

288 4831 330 4874 ea
344 4808 423 4874 cino
447 4819 480 4874 et
499 4830 542 4873 ea
560 4805 712 4897 qnalibet
735 4807 807 4874 alia
825 4806 966 4897 potione
987 4818 1034 4890 et,
1056 4805 1227 4896 quidquid
1240 4805 1282 4872 de
1297 4827 1364 4871 tica
1383 4804 1603 4895 eaprirnt‘tar,
