3538 5404
272 385 312 446 114
773 399 811 442 or
832 397 913 442 srulu
934 397 966 441 ru
987 397 1090 442 cauas.

271 540 429 599 truncatus,
446 538 612 588 anniteritne
635 534 733 585 llobab
748 535 822 586 baud
837 535 994 586 edocemur.
1012 536 1152 586 annuisse
1168 536 1300 600 suppleas
1314 550 1331 587 e
1345 540 1487 588 contextu.
1502 538 1589 589 Prae·

272 633 349 679 terea
361 628 476 687 rimare,
493 625 559 689 quid
578 625 753 689 potissimum
773 636 852 674 sacer
870 626 998 675 narrator
1017 637 1069 674 nos
1083 623 1184 674 docere
1202 625 1323 674 voluerit
1337 625 1484 689 adscriptis
1498 640 1526 676 v.
1543 627 1589 677 ‘29-

271 715 314 767 33.
333 715 363 766 Sl
377 714 573 766 commendare
590 714 702 764 volebat
716 713 820 776 Moysis
840 715 869 762 in
884 713 1064 777 providendis
1083 713 1308 778 exploratoribus
1326 711 1518 777 prudentiam,
1536 729 1587 779 po-

269 807 336 866 tuit,
352 819 409 856 non
423 803 519 856 debuit
530 803 680 853 verborum
693 817 720 851 v.
738 801 769 852 31
784 815 827 866 sq.
844 801 974 852 ellectum
994 813 1118 853 narrare.
1133 801 1260 853 Eundem
1275 805 1416 867 sapienter
1430 804 1564 856 reticebat
1579 844 1586 865 ,

132 865 133 870 ἵ
198 935 199 938 η
268 897 292 946 01
312 895 393 945 nobis
410 895 500 957 prima
524 893 553 941 in
579 892 681 954 Moysis
704 891 798 941 animo
817 887 989 940 diffidentiae
1011 892 1120 941 semina
1144 891 1268 942 indicare
1291 892 1435 956 cupiebat,
1456 895 1588 958 sequenti

267 986 426 1034 narratione
441 981 616 1046 explicanda.

614 1198 664 1248 111.
681 1198 770 1246 atila
785 1197 823 1245 Iti
837 1197 976 1246 ΤΔΒΕΒΑ
991 1198 1077 1246 auu.
1091 1199 1236 1262 1033113.

306 1401 391 1486 Arq.
418 1431 462 1446 -·
480 1399 689 1482 Praeparant
708 1415 749 1460 aa
773 1398 970 1482 sequentem
990 1395 1027 1459 in
1045 1393 1187 1470 Qihroth
1211 1395 1520 1482 perturbationem.
1546 1401 1584 1462 ln

262 1505 335 1592 ipsa
350 1502 521 1568 demente
536 1500 629 1566 Sinai
645 1499 876 1589 proiectione,
891 1521 967 1566 cum
981 1522 1062 1566 arca
1073 1501 1109 1566 in
1124 1500 1239 1567 medio
1252 1500 1390 1587 agmine
1406 1501 1582 1568 incederet

262 1616 295 1676 et
313 1608 421 1675 nubes
441 1607 590 1698 primum
612 1627 739 1694 agmen
760 1605 993 1687 antecederet,
1015 1606 1160 1673 solemni
1174 1606 1353 1675 itinerario
1371 1608 1504 1698 psalmo
1527 1609 1581 1674 vix

261 1715 459 1795 decantato,
481 1712 659 1781 subortum
682 1718 731 1779 est
749 1713 871 1802 populi
893 1733 1052 1779 murmur
1072 1712 1116 1779 ob
1142 1720 1357 1803 resumptum
1379 1715 1581 1803 peregrina-

259 1823 362 1888 tionis
382 1819 550 1887 laborem.
572 1823 658 1896 Quos
677 1824 764 1885 Deus
786 1820 920 1907 punivit
935 1818 1077 1908 aliquod
1094 1825 1246 1886 extremo
1270 1821 1401 1907 agmini
1420 1820 1581 1908 infligens

259 1928 475 2009 incendium,
492 1927 582 2016 quod
599 1931 708 2014 lioyse
727 1931 846 1992 orante
861 1924 1064 1992 exstinctum
1080 1930 1142 1992 est.

295 2137 363 2188 Post
376 2149 404 2186 v.
420 2135 453 2186 al
468 2137 497 2186 et
514 2134 547 2184 36
565 2136 692 2185 inserunt
707 2135 804 2184 110001.
821 2141 834 2188 b
851 2134 1008 2194 inversum,
1024 2134 1099 2199 quod
1121 2146 1202 2184 secus
1223 2135 1315 2184 solum
1334 2135 1578 2187 habeturl's.106

259 2222 706 2292 (107),13.11,15.16.17.18.
725 2221 768 2274 lo.
787 2221 855 2282 Quis
869 2221 953 2286 hujus
967 2223 1041 2286 signi
1060 2224 1088 2272 b.
1111 2224 1131 2273 l.
1150 2223 1185 2272 sit
1205 2236 1319 2284 sensus,
1341 2225 1404 2276 m
1420 2225 1546 2288 pandunt
1569 2237 1576 2274 :

257 2315 363 2367 habent
374 2327 415 2364 sc.
431 2314 484 2377 ipsi
497 2314 583 2363 alium
598 2311 726 2363 ordinem
740 2323 883 2372 uersuum,
899 2315 1116 2375 transponentes
1128 2325 1157 2360 v.
1173 2311 1205 2360 31
1222 2312 1258 2362 ad
1273 2313 1378 2364 calcem
1394 2313 1502 2376 eapitis.
1519 2314 1578 2364 Nos

257 2405 342 2467 igitur
353 2414 451 2454 versus
470 2415 504 2452 eo
523 2401 621 2453 ordine
640 2413 828 2463 exponemus,
845 2413 928 2464 quern
947 2403 975 2450 et
995 2401 1070 2450 Lxx
1088 2402 1117 2452 et
1131 2401 1231 2450 Masor.
1259 2402 1436 2452 commendat
1455 2403 1576 2453 auetori-

257 2496 309 2542 tas
335 2491 430 2542 Griiicl
444 2491 586 2550 moderni,
605 2489 674 2538 illud
689 2498 701 2544 1
717 2489 859 2540 inversum
877 2490 1056 2551 ignorantes,
1075 2490 1153 2538 aiunt
1171 2489 1263 2549 tal-3
1285 2503 1343 2540 non
1361 2493 1431 2541 satis
1451 2493 1578 2541 connecti

256 2594 348 2643 neque
360 2592 424 2629 cum
438 2577 670 2641 praecedentibus
684 2590 777 2640 neque
787 2589 851 2626 cum
861 2577 1053 2640 sequentibus.

300 2759 449 2827 Tandem
469 2760 513 2826 ad
532 2759 767 2825 narrationem
787 2763 939 2826 actorum
956 2761 1089 2848 primae
1105 2761 1261 2827 stationis
1280 2761 1436 2850 procedit
1451 2763 1571 2828 oratio.

256 2867 440 2934 Interiectis
455 2890 487 2933 v.
514 2871 628 2946 lit-32,
652 2886 787 2932 rursum
808 2864 923 2954 quoad
941 2864 1165 2932 substantiam
1181 2867 1349 2956 repetitur
1367 2890 1398 2936 v.
1419 2875 1460 2935 12
1479 2869 1575 2958 prior

254 2995 333 3063 pars
358 2994 415 3042 zv.
435 2980 475 3040 33
498 2999 514 3032 «
533 2970 686 3058 Profecti
699 2983 780 3037 sunt
802 2993 883 3060 erqo
903 2969 1074 3038 demente
1094 2971 1234 3040 Domini
1257 2974 1349 3040 viam
1369 2975 1477 3040 trium
1501 2973 1573 3041 die-

255 3102 331 3146 rum
350 3107 378 3146 ».
400 3078 563 3146 [tietantia
589 3079 674 3144 haec
697 3084 746 3144 est
768 3077 812 3144 ad
835 3077 983 3166 primam
1007 3077 1188 3146 stationem
1214 3085 1333 3163 11,at;
1361 3090 1475 3148 tamen
1505 3103 1572 3149 non

253 3185 460 3274 adscribitur
489 3207 614 3260 nornen
646 3185 814 3264 stationis,
842 3183 938 3272 quod
962 3185 1114 3272 primum
1142 3186 1319 3254 narranda
1338 3187 1405 3254 sint
1433 3193 1509 3255 acta
1535 3187 1571 3253 in

254 3292 400 3375 Tabera,
418 3314 507 3382 quae
525 3291 625 3358 statio
643 3290 792 3357 nonfuit
808 3290 865 3380 (cf.
882 3290 1011 3379 33,16).

296 3403 500 3465 Narraturus
514 3396 582 3464 iam
604 3401 654 3464 est
673 3404 791 3463 auctor
812 3397 968 3483 signum,
985 3397 1078 3487 quod
1101 3397 1209 3465 edidit
1229 3405 1313 3467 [teus
1333 3401 1377 3467 ad
1393 3400 1573 3469 inculcan-

252 3506 347 3588 dum,
365 3508 533 3592 quantum
548 3502 613 3569 sibi
628 3503 824 3593 displiceret
833 3502 1058 3570 irreverentia
1072 3504 1247 3594 quaelihet
1259 3509 1440 3574 commissa
1447 3509 1571 3575 solem·

251 3613 304 3678 nis
322 3609 390 3677 illis
408 3608 636 3699 temporibus,
650 3608 777 3697 quibus
784 3615 967 3676 contuente
980 3610 1142 3679 universo
1151 3614 1278 3701 populo
1296 3614 1570 3682 arca-velarunt

250 3717 394 3783 statione
409 3716 692 3806 proficisceretur,
716 3714 770 3782 vel
791 3714 828 3780 in
848 3716 990 3782 aiteram
1012 3715 1202 3784 adveniret.
1227 3723 1311 3788 Rem
1333 3726 1403 3787 tam
1429 3741 1570 3807 gravem

250 3822 467 3910 gravioribus
481 3821 595 3888 verbis
609 3820 759 3903 narrari,
776 3820 852 3910 quis
867 3821 1033 3889 miretur?
1048 3824 1157 3910 Igitur
1174 3824 1284 3907 Sinai,
1306 3826 1366 3916 qui
1379 3833 1480 3894 antea
1498 3829 1566 3916 (Ex.

151 3999 155 4018 Α
252 3936 325 4012 3,1;
345 3935 440 4012 t,ai;
470 3934 564 4010 18,5;
589 3929 703 4014 atla)
721 3954 736 3988 0
765 3948 862 3994 mons
877 3931 935 3995 Dei
960 3957 974 3989 n
998 3928 1177 4014 audiebat,
1204 3938 1282 4020 post
1300 3938 1349 3999 101
1365 3939 1526 4023 portenta
1548 3959 1569 4001 a

251 4037 353 4104 lahve
366 4037 416 4103 ib.
433 4034 524 4101 edita
542 4040 682 4101 vocatur
694 4055 790 4100 mons
803 4033 921 4121 101100,
944 4036 994 4102 1111
1006 4059 1039 4102 v.
1059 4042 1101 4103 3t
1116 4036 1240 4119 nubes,
1257 4039 1319 4105 ubi
1333 4045 1407 4106 erat
1425 4042 1568 4127 angelus

250 4143 366 4223 lahve,
391 4150 531 4210 vocatur
555 4144 659 4207 nubes
679 4139 780 4207 101100
799 4145 832 4206 01
848 4162 878 4205 v.
897 4146 939 4206 33
959 4163 1041 4208 area
1058 4165 1141 4210 arco
1161 4143 1312 4232 foederis
1326 4145 1428 4212 Ialice
1448 4169 1461 4213 .·
1479 4169 1567 4236 quae

249 4247 356 4334 igitur
377 4251 606 4337 expressiones
624 4269 735 4336 neque
760 4251 783 4314 C
801 4269 913 4336 neque
934 4252 961 4314 R
983 4247 1133 4338 produnt
1159 4257 1346 4319 auctorem.
1375 4281 1391 4314 «
1410 4255 1565 4343 Amoque

246 4352 398 4441 foederis
412 4355 552 4421 Domini
561 4353 789 4445 praecedebat
808 4375 862 4419 eos
878 4376 942 4442 per
956 4353 1027 4420 dies
1047 4368 1112 4422 tres
1131 4384 1160 4422 ».
1183 4361 1264 4425 Cum
1279 4381 1297 4425 e
1311 4382 1345 4426 v.
1367 4366 1407 4425 21
1422 4359 1565 4427 indubie

249 4465 394 4542 constet,
413 4483 528 4527 arcam
543 4463 661 4528 nonin
683 4462 795 4551 primo
816 4459 876 4527 sed
898 4459 935 4527 in
951 4460 1066 4527 medio
1089 4463 1229 4550 agmine
1245 4439 1463 4554 processisse,
1481 4487 1565 4554 ergo

250 4555 366 4634 caviat
379 4590 451 4634 11011
463 4573 513 4634 001
524 4568 726 4634 vertendum
739 4579 818 4634 0010
831 4589 886 4632 eos
902 4566 1007 4656 (LXX
1025 4569 1136 4658 Vulp.)
1153 4569 1213 4636 sed
1232 4592 1346 4638 eoram
1362 4573 1409 4639 eis
1428 4572 1559 4661 (dictu,

251 4675 315 4744 Cel
352 4674 393 4764 .),
416 4674 476 4763 qui
496 4695 610 4740 sensus
631 4673 705 4741 voci
728 4695 837 4763 aeque
859 4673 997 4763 proprie
1019 4675 1188 4745 convenit.
1214 4682 1304 4745 Bene
1328 4701 1409 4746 vero
1438 4679 1475 4746 in
1498 4681 1564 4746 hae

248 4781 360 4870 prima
372 4802 471 4848 arcae
486 4779 691 4870 profectione
706 4781 845 4848 effertur
860 4801 940 4848 arca
960 4803 1092 4868 eoram,
1115 4805 1175 4850 seu
1192 4784 1434 4854 contuentibus
1455 4788 1563 4854 omni·
