3554 5406
723 432 798 476 nou.
823 417 914 490 3i,43
937 433 1000 486 sao.
1466 421 1520 482 351

203 566 349 633 alterum
368 582 394 631 t:
417 567 522 650 vocis,
545 579 692 632 utinum
717 570 830 630 ortum
857 586 928 632 esse
948 564 1230 655 'reduplicatione
1256 570 1348 636 unici
1372 590 1409 649 n,
1432 567 1523 660 quod

205 694 267 740 vox
282 671 441 763 primitus
466 672 649 739 habuisset.
670 694 702 739 v.
730 675 807 738 113«
836 671 906 760 [De]
928 670 1043 738 media
1065 695 1142 738 vero
1160 686 1279 762 porte,
1297 697 1387 764 quac
1416 681 1523 746 couti-

200 789 296 870 qerat
315 778 468 868 reliquae
486 777 721 858 multitudini,
741 777 776 865 [i.
797 779 841 864 e]
859 776 901 844 de
918 778 1034 843 ouibus
1052 780 1208 846 trecentis
1229 780 1376 869 triqiuto
1398 799 1524 874 septem

200 885 350 952 millibus
373 885 569 974 quinqentis
586 909 616 968 a,
637 905 670 950 v.
696 889 737 951 ti
763 912 778 946 n
804 896 835 949 et
855 882 917 973 [dcl
944 885 1043 953 bobus
1070 885 1216 974 triqiuta
1239 909 1298 952 sca
1319 888 1522 974 millibus»,

198 1015 232 1059 v.
243 999 285 1060 55
298 1021 313 1052 n
327 1005 359 1058 et
369 990 433 1080 [de]
446 991 554 1058 asinis
565 991 710 1079 triqinta
719 988 872 1056 millibus
883 989 1083 1079 quinqentis
1100 1014 1172 1072 >›,v.
1187 997 1228 1059 ts
1240 1019 1255 1054 a
1268 1005 1301 1060 et
1316 991 1358 1060 de
1372 994 1523 1064 leomini-

201 1100 260 1164 bus
279 1097 426 1164 sedecim
443 1097 622 1165 millibus»
640 1119 673 1166 v.
692 1101 734 1163 tr
754 1124 769 1157 α
786 1095 865 1162 tulit
879 1099 1012 1183 llloqses
1026 1099 1354 1187 quinquoqesimum
1374 1117 1477 1192 caput
1491 1121 1524 1174 ct

200 1203 295 1270 (ledit
308 1197 434 1286 levitic,
455 1205 517 1293 qui
533 1202 748 1270 occidebant
763 1203 800 1269 ire
821 1201 1039 1268 tabernaculo
1059 1204 1217 1285 Domini,
1231 1206 1320 1273 sicui
1334 1229 1522 1300 praecepc-
1580 1279 1585 1288 ,

198 1323 253 1378 rat
267 1311 444 1378 Dominus.
461 1339 476 1372 »

233 1491 369 1552 Adverte,
387 1503 519 1542 numeros
540 1491 592 1541 hos
612 1501 710 1540 omnes
729 1501 793 1540 esse
816 1489 966 1538 rotundos:
985 1491 1097 1540 volebat
1117 1495 1213 1542 auctor
1232 1507 1289 1545 non
1310 1497 1368 1546 tam
1386 1498 1518 1560 praedam

198 1581 325 1630 accurate
340 1591 501 1640 recensere,
518 1591 602 1642 quam
620 1578 824 1629 distributionis
844 1579 981 1629 rationem
1003 1577 1169 1631 describere.
1193 1582 1248 1632 Aut
1267 1582 1359 1646 dicas,
1376 1585 1429 1639 hoa
1447 1600 1518 1649 quo·

199 1681 267 1731 qtte,
284 1669 324 1718 uti
338 1669 435 1732 populi
452 1665 494 1732 (cf.
511 1681 538 1731 p.
554 1667 605 1718 itt
618 1663 687 1730 sq),
702 1678 835 1717 numeros
850 1667 981 1730 centuplo
994 1679 1055 1718 esse
1071 1672 1177 1720 auctos.
1225 1743 1229 1750 ι

239 1857 272 1899 v.
291 1840 333 1902 58
346 1861 361 1895 «
382 1835 535 1924 Cumque
550 1831 767 1900 accessissent
773 1831 951 1921 principes
969 1832 1137 1898 coercitus
1149 1834 1197 1900 ad
1210 1837 1366 1924 Moysen,
1384 1841 1439 1926 [et]
1456 1820 1518 1906 tri-

196 1939 279 2006 buni
293 1941 590 2029 centurionesque,
608 1938 771 2005 dicerunt
788 1964 803 1998 »
822 1956 829 2003 :
849 1975 892 1986 —
903 1938 1075 2027 praefecti
1090 1938 1280 2006 clciliodum
1294 1951 1372 2011 sunt
1387 1967 1514 2027 omnes
1562 1975 1569 1988 ·

194 2045 304 2134 quiin
320 2049 472 2113 exercitu
490 2052 610 2126 tuitio
627 2046 778 2111 virorum
797 2049 895 2110 erant
909 2043 1085 2132 praelecti,
1102 2045 1195 2134 iique
1209 2068 1287 2112 mox
1302 2049 1517 2137 distinguun-

195 2157 251 2218 tur
269 2151 304 2218 in
329 2151 535 2218 chiliarchas
559 2159 593 2218 et
614 2151 842 2217 centuriones.
859 2156 1040 2239 Perperam
1067 2151 1163 2240 Vulq.
1184 2155 1393 2241 oppositioni
1416 2179 1518 2247 prae-

196 2257 267 2324 fixit
283 2259 442 2348 copulam
460 2295 505 2308 -
526 2281 557 2326 v.
586 2262 627 2324 i9
654 2287 668 2318 e
697 2255 788 2346 [Nos]
807 2255 894 2322 serui
919 2255 972 2322 tui
994 2257 1225 2323 recensuimus
1249 2281 1430 2327 numerum
1452 2285 1517 2352 pu·

194 2375 397 2452 quietorum,
414 2387 498 2454 quos
522 2363 702 2431 deberimus
724 2390 739 2422 u
758 2364 903 2452 quisque
921 2390 936 2422 ι(
958 2364 1019 2428 scrlr
1035 2385 1141 2430 manu
1162 2376 1296 2445 nostra,
1317 2378 1350 2431 ct
1368 2389 1411 2434 ne
1426 2391 1516 2436 unus

194 2469 332 2560 quidem
356 2471 468 2560 defuit
483 2497 500 2532 »
526 2470 697 2559 completo
718 2469 866 2558 proelio;
889 2466 1003 2535 nullus
1026 2469 1146 2557 periit3
1170 2470 1386 2540 vulneratiae
1406 2473 1514 2563 aliqui

190 2578 330 2661 luerint,
341 2600 412 2644 non
426 2576 620 2644 edocemur.
632 2599 666 2642 v.
683 2581 724 2641 50
740 2601 755 2634 ι(
774 2576 836 2662 [Ob
851 2572 939 2640 lianc
952 2575 1102 2663 calisam]
1120 2575 1293 2664 offerimus
1310 2577 1347 2646 in
1362 2578 1514 2648 donariis

191 2683 331 2750 Domini
344 2684 473 2773 sinquli
494 2711 525 2764 a,
539 2683 563 2748 i.
585 2704 614 2749 e.
637 2687 814 2770 tamquam
832 2679 1042 2747 oblationem
1056 2688 1302 2770 spontaneam,
1323 2713 1339 2745 «
1356 2685 1451 2774 quod
1465 2687 1513 2774 [iu

188 2789 330 2879 praedo]
353 2791 432 2856 aceri
449 2791 627 2881 potuimus
645 2787 814 2869 iuvenire,
834 2785 1053 2876 periscelides
1072 2800 1113 2885 et·
1123 2788 1295 2873 armillas,
1319 2793 1465 2858 articulos
1481 2807 1512 2860 et

190 2897 363 2965 dextralia
381 2920 422 2964 ac
443 2895 682 2979 naucraenulas,
703 2907 742 2960 ut
761 2893 945 2984 depreceris
958 2915 1025 2983 pro
1050 2894 1146 2960 uobis
1165 2895 1351 2962 Dominum
1371 2925 1400 2966 »,
1420 2905 1510 2975 Quam

188 3003 297 3090 igitur
320 3003 488 3093 expressio
516 3024 583 3068 non
609 3002 718 3068 solam
736 3006 813 3090 post
834 3007 1014 3090 peccatum
1034 3000 1315 3089 propitiationem
1337 3004 1508 3092 exprimit,

190 3109 250 3176 sed
274 3109 464 3198 quamlibet
480 3114 584 3174 Deum
603 3107 694 3173 inter
711 3110 744 3171 et
764 3105 940 3171 hominem
960 3105 1217 3192 aequationem,
1236 3129 1268 3174 v.
1292 3127 1325 3192 g.
1350 3130 1412 3196 per
1432 3131 1512 3195 gra-

189 3217 315 3282 tiarum
342 3213 523 3280 actionem.
547 3217 592 3278 De
622 3211 693 3277 illis
720 3211 930 3277 ornamentis
955 3211 995 3276 ct'.
1021 3232 1109 3299 quae
1135 3210 1334 3279 dicebamus
1359 3213 1403 3282 ad
1430 3218 1509 3282 Gen.

189 3328 308 3404 ibim
334 3325 388 3388 Ex.
412 3327 531 3404 35,2i;
557 3325 577 3384 i
602 3321 684 3404 Reg.
711 3323 800 3398 1‚10.
827 3316 1026 3384 Madiauitas
1050 3317 1262 3384 consuevisse
1289 3319 1437 3408 plurimo
1462 3321 1512 3387 uti

187 3432 309 3494 ornatu
340 3449 444 3494 aureo
471 3425 561 3492 disee
588 3447 627 3491 ex
659 3423 732 3490 lud.
757 3429 836 3504 &ilc
862 3444 938 3512 sqq.
962 3427 1145 3511 Perperam
1174 3422 1274 3511 Vulq.
1301 3426 1445 3492 inseruit
1474 3427 1511 3492 in

181 3533 332 3623 praeda,
353 3533 452 3621 quasi
468 3532 523 3598 hic
542 3531 585 3597 de
603 3530 760 3597 universo
778 3528 881 3596 totius
898 3527 1045 3618 praedae
1065 3551 1148 3597 auro
1168 3535 1306 3614 agatur;
1326 3554 1509 3622 perperam

185 3640 268 3708 item
282 3641 400 3728 Bousr.
413 3644 583 3720 autumat,
597 3636 787 3728 praefectos
797 3635 882 3702 haec
896 3633 1057 3701 obtulisse
1071 3634 1210 3702 nomine
1224 3658 1286 3703 suo
1300 3645 1334 3703 et
1346 3638 1514 3724 militum.
1562 3684 1574 3696 -

184 3747 301 3814 Milites
322 3745 501 3834 gregarios
520 3766 582 3810 sua
594 3743 659 3810 sibi
675 3741 874 3822 retinuisse,
899 3740 999 3808 docet
1017 3763 1049 3807 v.
1066 3748 1119 3808 53.
1139 3741 1226 3809 Fieri
1240 3748 1355 3811 tamen
1376 3747 1506 3834 potuit,

185 3853 273 3920 utin
288 3873 405 3918 rerum
422 3849 649 3940 pretiosarum
662 3847 829 3914 divisione
845 3847 969 3914 milites
981 3847 1134 3934 gregarii
1150 3849 1331 3938 praefectis
1348 3857 1508 3918 ornatum

184 3980 345 4040 aureum,
360 3958 430 4025 sive
449 3960 559 4023 totum
576 3953 646 4021 sive
662 3954 784 4021 maiori
805 3976 844 4020 ex
864 3959 977 4042 parte,
998 3976 1061 4043 pro
1078 3975 1139 4022 sua
1155 3955 1313 4042 portione
1334 3977 1508 4023 concesse-

185 4065 264 4131 rint.
282 4087 314 4130 v.
328 4071 368 4131 51
388 4091 404 4126 a
420 4064 717 4151 Susceperuntquc
733 4063 865 4150 ltloqses
881 4073 913 4126 et
928 4060 1077 4127 Eleazar
1091 4059 1246 4126 sacerdos
1266 4083 1364 4128 omne
1383 4085 1509 4130 aurum

184 4170 222 4236 in
242 4168 382 4238 diversis
398 4166 571 4258 speciebus
586 4189 621 4249 »ς
638 4189 707 4234 non
723 4172 820 4233 erant
835 4167 960 4234 lateres
975 4167 1085 4248 aurei,
1098 4165 1158 4232 sed
1178 4166 1294 4232 omnia
1308 4175 1508 4236 ornamenta

184 4277 352 4362 artefacta
374 4275 507 4364 (LXX);
528 4297 560 4342 ν.
588 4281 630 4341 52
657 4303 672 4332 α
693 4272 811 4362 pondo
833 4272 979 4338 sedecim
1006 4271 1121 4338 millia
1144 4273 1377 4362 septinqentos
1406 4274 1509 4362 quin-

185 4381 357 4472 quaqinta
376 4381 490 4462 siclos,
510 4403 532 4446 a
550 4378 697 4446 tribunis
719 4392 752 4446 et
770 4378 1026 4445 centurionibus
1048 4407 1078 4444 a.
1101 4382 1182 4445 Fere
1202 4384 1349 4461 *isaias
1367 4379 1409 4446 lr.
1431 4401 1439 4446 :
1462 4381 1504 4446 cf.

183 4510 272 4578 quae
287 4487 486 4554 dicebamus
498 4485 542 4554 ad
556 4491 611 4554 Ex.
627 4491 728 4566 aaut
745 4491 777 4551 et
793 4485 864 4552 lud.
879 4491 970 4570 8,·26.
988 4507 1019 4552 v.
1035 4489 1077 4551 53
1095 4513 1109 4546 a
1130 4486 1364 4575 Uarrsquisque
1378 4487 1505 4573 lentini,

183 4594 279 4685 quod
297 4594 333 4660 in
342 4593 475 4685 praedo
491 4603 669 4683 rapuerat,
688 4613 786 4657 scetem
805 4604 879 4657 erat
896 4619 925 4657 u.
946 4593 1045 4658 Hebr.
1064 4611 1076 4655 .·
1089 4601 1121 4654 et
1134 4590 1201 4657 oiri
1214 4592 1398 4674 exercitus,
1417 4592 1506 4658 mili-

182 4710 233 4770 tes
251 4700 420 4790 gregarii,
435 4699 604 4790 praedam
624 4696 880 4788 acquisirerunt
902 4696 1137 4786 unusquisque
1161 4696 1238 4763 sibi.
1259 4696 1295 4763 ld
1317 4699 1503 4787 parenthe-

183 4809 248 4876 tiee
270 4807 504 4876 adscribitur:
527 4812 662 4895 praeter
686 4825 807 4872 aurum
828 4803 915 4869 illud
932 4809 1029 4871 erant
1045 4804 1111 4870 alia
1132 4803 1282 4893 pretiosa
1296 4803 1332 4870 in
1355 4804 1502 4872 militum
