3522 5410
730 453 939 499 rxrnooucrro.
1482 435 1499 494 7

177 593 237 660 llic
265 595 374 657 textus
402 587 566 678 supponit
594 587 701 655 alium
728 592 856 654 textum
882 586 1147 676 primigenium,
1176 585 1400 674 completu1n3
1429 589 1501 650 tex·

170 697 356 786 tum,1qui
381 717 453 763 non
478 716 570 760 mere
604 695 772 760 rationem
801 693 929 760 habeat
954 693 1071 775 lontiS,
1103 714 1121 757 e
1150 713 1218 780 quo
1246 696 1385 779 praeter
1415 690 1501 758 alios

172 804 285 871 fontes
308 802 397 869 liber
419 801 462 868 sit
481 800 722 882 concinnatus,
747 800 807 866 sed
826 799 887 889 qui
910 798 954 866 sit
973 798 1066 866 idem
1089 797 1179 864 liber
1201 797 1406 886 quibusdam
1422 812 1501 865 auc-

176 914 247 991 tuS,
271 909 416 977 eandem
445 906 577 974 habens
603 906 837 974 narrationem
865 907 989 973 eodem
1019 905 1141 971 ordine
1170 905 1386 994 dispositam,
1415 905 1500 971 inte-

176 1038 294 1102 gram3
313 1020 460 1096 textum,
483 1035 586 1104 quem
612 1014 736 1080 merito
759 1033 931 1103 supponas
954 1011 1158 1102 prophetam
1174 1015 1276 1078 Amos
1296 1011 1428 1078 novisse
1448 1015 1498 1077 at·
1579 1051 1581 1059 ,

175 1144 242 1212 que
265 1121 460 1189 aestimasse
487 1123 618 1187 textum
652 1141 787 1187 sacrum
820 1118 1039 1186 venerandae
1071 1117 1298 1207 antiquitatis.
1328 1117 1497 1185 Solvenda

177 1233 293 1296 manet
308 1227 476 1317 quaestio,
496 1225 634 1316 quanm
654 1226 712 1293 hic
730 1230 841 1293 textus
854 1224 1086 1314 primigenius
1103 1228 1201 1290 natus
1215 1224 1270 1291 sit.

212 1446 267 1508 Est
286 1442 343 1507 hic
366 1440 462 1506 locus
481 1425 598 1528 aliqua
617 1437 835 1506 adscribendi
853 1437 897 1505 de
916 1439 1050 1505 ratione
1074 1437 1178 1504 huius
1198 1438 1308 1505 nostri
1323 1458 1496 1503 commen·

170 1548 250 1615 terii
271 1551 305 1613 et
325 1546 605 1636 praecedentium
628 1545 665 1612 in
690 1545 850 1628 Genesin,
870 1545 1023 1612 Exodum
1049 1549 1083 1611 et
1106 1543 1293 1610 Levitieum
1319 1564 1494 1610 commen-

169 1656 348 1722 tariorum.
372 1658 478 1720 Fuere
500 1653 591 1719 inter
609 1674 683 1734 eos,
701 1652 762 1741 qui
785 1652 827 1719 de
856 1651 948 1719 hisce
972 1650 1226 1719 commentariis
1249 1649 1416 1716 iudicium
1435 1655 1492 1716 tu-

116 1820 121 1828 .
168 1762 254 1844 lere,
285 1759 411 1850 quibus
438 1760 629 1849 exoptatius
653 1765 742 1840 erat,
771 1763 808 1825 ut
832 1757 1097 1826 commentarios
1122 1757 1233 1844 magis
1262 1755 1310 1823 od
1336 1777 1494 1823 reor-mam

168 1866 309 1934 criticae
342 1873 548 1948 texeremus,
579 1866 792 1955 inquirentes
823 1865 976 1954 primum
1004 1864 1043 1931 in
1069 1863 1238 1931 librorum
1261 1863 1388 1944 fonteS,
1416 1884 1495 1930 suas

169 1974 291 2063 cuique
318 1972 405 2040 fonti
437 1972 524 2040 sacri
550 1976 660 2038 textus
689 1971 877 2061 particulas
905 1970 1140 2039 adiudicantes
1170 1975 1292 2059 atque,
1317 1969 1372 2036 his
1396 1991 1495 2058 prae·

172 2080 281 2148 missis
302 2085 405 2169 atque
420 2076 620 2168 suppositis,
638 2083 768 2144 textum
792 2081 1009 2167 exponentes.
1027 2079 1134 2153 Quam
1154 2077 1182 2142 si
1201 2075 1360 2162 regulam
1376 2097 1494 2164 seque-

166 2186 307 2268 bamur,
336 2185 567 2253 nascebantur
595 2184 836 2251 commentarii
860 2206 881 2250 a
908 2183 1050 2273 reliquis
1079 2187 1201 2250 Cursus
1235 2187 1268 2249 S.
1298 2181 1493 2272 Scripturae

167 2291 420 2359 commentariis
445 2290 635 2381 plurimum
660 2290 785 2357 diversi
806 2296 840 2357 et
859 2289 971 2380 operis
996 2289 1249 2379 quadamtenus
1272 2289 1384 2355 unitas
1407 2309 1484 2377 pes-

166 2420 242 2466 sum
255 2398 340 2466 ibat.
362 2402 477 2487 Neque
496 2403 611 2464 tamen
632 2398 698 2463 hac
719 2419 789 2464 una
809 2396 957 2476 ratione,
976 2417 1065 2484 quae
1083 2401 1222 2462 externa
1245 2394 1357 2484 potius
1377 2400 1427 2461 est
1451 2398 1485 2461 et

166 2505 371 2586 adventitia,
389 2503 576 2572 inducendi
602 2525 737 2571 eramus
758 2502 803 2570 ad
831 2524 950 2570 eorum
970 2501 1151 2568 doctorum
1172 2499 1328 2568 virorum
1351 2500 1487 2568 deside-

164 2613 218 2679 ria
234 2610 458 2699 negligenda.

210 2717 353 2786 Ultimus
382 2717 516 2807 primae
546 2721 648 2783 notae
674 2717 710 2783 in
742 2722 851 2783 totum
878 2715 1147 2782 Pentateuchum
1174 2713 1443 2781 commentarius
1471 2737 1491 2780 a

167 2825 334 2892 catholico
359 2823 545 2912 interprete
572 2822 797 2890 concinnatus
825 2822 883 2888 ille
913 2827 980 2905 est,
1004 2843 1106 2911 quem
1135 2826 1219 2887 1707
1241 2821 1394 2909 primum
1419 2819 1492 2908 gal-

166 2930 233 2998 lico
253 2952 410 2998 sermone
430 2929 540 2996 edidit
567 2930 752 3011 Calmetus;
770 2928 867 2995 mitto
887 2927 979 2994 enim
996 2950 1023 2995 s.
1041 2934 1150 2994 textus
1165 2927 1203 2993 in
1222 2925 1334 2994 varias
1352 2925 1491 3013 linguas

166 3037 339 3105 versiones
364 3036 492 3103 notulis
515 3034 667 3103 adiectis.
692 3041 770 3102 Erat
795 3056 877 3101 sane
898 3034 1041 3100 omnino
1064 3033 1103 3100 in
1126 3032 1229 3114 vatia,
1250 3038 1288 3098 ut
1306 3037 1384 3122 post
1405 3031 1490 3100 duo·

165 3165 242 3211 rum
261 3146 333 3212 fere
354 3142 569 3210 saeculorum
591 3140 813 3209 intervallum
832 3141 987 3231 prodiret
1009 3140 1082 3206 veri
1105 3139 1255 3206 nominis
1276 3145 1487 3206 commenta-

165 3250 252 3334 rius,
268 3248 329 3340 qui
347 3249 617 3316 Pentateuehum
636 3271 708 3315 non
723 3247 840 3315 critice
856 3246 1141 3337 decomponeret,
1158 3245 1218 3312 sed
1232 3244 1487 3312 hermeneutiee

167 3361 363 3446 exponeret.

210 3463 312 3530 llulto
341 3461 574 3549 diligentiores
604 3460 673 3527 illis
695 3459 832 3529 duobus
855 3457 999 3528 saeculis
1023 3456 1232 3526 elucidando
1257 3457 1488 3524 Pentateucho

164 3569 353 3638 incubuere
380 3571 623 3658 protestantes,
646 3587 794 3657 quorum
824 3567 941 3656 plures
963 3565 1122 3657 prodiere
1153 3564 1404 3632 commentarii.
1426 3569 1488 3630 Ne·

166 3699 233 3768 que
251 3675 374 3742 desunt
400 3676 490 3741 inter
508 3673 694 3740 catholicos
714 3675 835 3759 etiam,
852 3673 912 3763 qui
930 3672 1056 3740 sentire
1072 3671 1269 3753 videantur,
1291 3668 1487 3759 exponendi

167 3781 424 3850 hermeneutiee
456 3780 543 3848 sacri
573 3784 681 3846 textus
705 3803 726 3846 a
746 3779 1015 3869 protestantibus
1038 3779 1165 3846 lactum
1193 3799 1263 3844 esse
1287 3776 1384 3859 satis,
1409 3783 1488 3866 post

165 3888 396 3956 [tillmannum
420 3887 476 3954 vix
501 3907 676 3976 superesse
699 3885 794 3976 quod
821 3892 1023 3976 exponatur,
1048 3890 1226 3973 totamque
1250 3883 1320 3950 iam
1346 3903 1485 3972 operam

166 3994 403 4062 collocandam
423 4015 494 4061 esse
512 3993 550 4059 in
566 3995 660 4059 textu
681 3992 798 4060 critice
817 3991 1067 4078 investigando.
1093 3990 1153 4059 Cui
1177 3989 1332 4079 opinioni
1352 4011 1420 4055 non
1436 4010 1487 4054 as-

164 4100 343 4167 sentimur.
371 4099 590 4179 Quaestiones
614 4120 708 4166 sacer
731 4103 841 4166 textus
866 4099 1023 4187 suggerit
1044 4097 1160 4186 plures
1183 4102 1216 4162 et
1236 4116 1375 4182 graves,
1397 4116 1485 4184 quae

163 4207 209 4274 ab
230 4205 301 4272 illis
315 4205 396 4272 viris
415 4212 476 4273 aut
490 4205 690 4273 nullatenus
714 4210 772 4272 aut
793 4228 864 4272 non
878 4205 1086 4273 sufficienter
1104 4203 1274 4269 discussae
1287 4207 1381 4283 sunt;
1399 4223 1487 4290 quae

165 4311 393 4382 elucidandae
411 4317 492 4379 sunt
505 4311 627 4403 priua,
648 4333 751 4401 quam
766 4312 808 4378 ad
830 4311 966 4379 felicem
985 4311 1112 4377 exitum
1132 4306 1273 4398 perduci
1295 4312 1398 4397 queat
1419 4306 1487 4373 cri-

163 4422 250 4487 ticus
265 4417 377 4487 labor.
530 4507 534 4514 Ι

208 4531 294 4593 Sunt
317 4525 410 4592 enim
436 4522 505 4590 duo
529 4524 643 4614 quoad
673 4547 699 4592 s.
730 4525 839 4591 libros
860 4521 1093 4614 praestanda:
1119 4519 1282 4608 expositio
1311 4523 1420 4586 textus
1445 4523 1479 4586 et

167 4633 285 4700 critica
309 4635 429 4699 textus.
459 4631 655 4720 Quicunque
676 4629 866 4698 exstiterint
885 4630 1014 4710 fontes,
1040 4651 1058 4694 e
1077 4625 1203 4716 quibus
1225 4646 1404 4715 supremus
1430 4645 1484 4690 re-

167 4739 297 4822 dactor,
314 4739 374 4806 ille
397 4759 443 4805 sc.
465 4735 609 4826 scriptor
628 4737 725 4804 cuius
744 4761 849 4827 opera
868 4736 957 4803 liber
978 4734 1033 4802 bic
1055 4733 1145 4800 liber
1168 4732 1306 4799 effeetus
1324 4737 1389 4814 est,
1404 4752 1483 4796 nar-

166 4845 335 4913 rationem
362 4843 515 4912 hauserit
544 4847 603 4908 aut
629 4843 875 4933 composuerit,
902 4848 936 4909 at
959 4841 1041 4908 baec
1067 4845 1158 4907 certe
1181 4837 1332 4905 narratio
1361 4837 1484 4927 exponi
