<?xml version="1.0" encoding="UTF-8"?>
<!DOCTYPE html PUBLIC "-//W3C//DTD XHTML 1.0 Transitional//EN"
    "http://www.w3.org/TR/xhtml1/DTD/xhtml1-transitional.dtd">
<html xmlns="http://www.w3.org/1999/xhtml" xml:lang="en" lang="en">
 <head>
  <title>
</title>
<meta http-equiv="Content-Type" content="text/html;charset=utf-8" />
  <meta name='ocr-system' content='tesseract 3.04.00' />
  <meta name='ocr-capabilities' content='ocr_page ocr_carea ocr_par ocr_line ocrx_word'/>
</head>
<body>
  <div class='ocr_page' id='page_1' title='image "./commentariusinn00hummgoog_0280.png"; bbox 0 0 3550 5424; ppageno 0'>
   <div class='ocr_carea' id='block_1_1' title="bbox 701 388 958 457">
    <p class='ocr_par' dir='ltr' id='par_1_1' title="bbox 701 388 958 457">
     <span class='ocr_line' id='line_1_1' title="bbox 701 388 958 457; baseline -0.004 -10"><span class='ocrx_word' id='word_1_1' title='bbox 701 402 775 447; x_wconf 86' lang='lat' dir='ltr'><strong>uuu.</strong></span> <span class='ocrx_word' id='word_1_2' title='bbox 798 388 869 457; x_wconf 60' lang='lat'><strong>2⁴23</strong></span> <span class='ocrx_word' id='word_1_3' title='bbox 892 403 958 454; x_wconf 86' lang='lat' dir='ltr'><strong>soa.</strong></span> 
     </span>
    </p>
   </div>
   <div class='ocr_carea' id='block_1_2' title="bbox 171 527 1740 882">
    <p class='ocr_par' dir='ltr' id='par_1_2' title="bbox 172 514 1757 630">
     <span class='ocr_line' id='line_1_2' title="bbox 172 527 1567 625; baseline 0.001 -25"><span class='ocrx_word' id='word_1_4' title='bbox 172 535 375 625; x_wconf 88' lang='lat' dir='ltr'><strong>prophetam</strong></span> <span class='ocrx_word' id='word_1_5' title='bbox 394 535 516 602; x_wconf 92' lang='lat' dir='ltr'><strong>ducem</strong></span> <span class='ocrx_word' id='word_1_6' title='bbox 542 541 776 624; x_wconf 79' lang='lat' dir='ltr'><strong>sequerentur,</strong></span> <span class='ocrx_word' id='word_1_7' title='bbox 794 536 910 602; x_wconf 90' lang='lat' dir='ltr'><strong>omnia</strong></span> <span class='ocrx_word' id='word_1_8' title='bbox 929 557 1091 625; x_wconf 82' lang='lat' dir='ltr'>prospere</span> <span class='ocrx_word' id='word_1_9' title='bbox 1112 536 1285 603; x_wconf 82' lang='lat' dir='ltr'><strong>cederent.</strong></span> <span class='ocrx_word' id='word_1_10' title='bbox 1304 540 1392 621; x_wconf 79' lang='lat' dir='ltr'><strong>Ergo</strong></span> <span class='ocrx_word' id='word_1_11' title='bbox 1409 557 1438 600; x_wconf 93' lang='lat' dir='ltr'><strong>v.</strong></span> <span class='ocrx_word' id='word_1_12' title='bbox 1458 541 1492 600; x_wconf 70' lang='lat'><strong>3⁰</strong></span> <span class='ocrx_word' id='word_1_13' title='bbox 1565 527 1567 529; x_wconf 34' lang='lat'><strong><em>¹</em></strong></span> 
     </span>
    </p>

    <p class='ocr_par' dir='ltr' id='par_1_3' title="bbox 171 627 1755 741">
     <span class='ocr_line' id='line_1_3' title="bbox 171 640 1595 732; baseline 0.001 -25"><span class='ocrx_word' id='word_1_14' title='bbox 171 648 203 707; x_wconf 91' lang='lat' dir='ltr'><strong>ct</strong></span> <span class='ocrx_word' id='word_1_15' title='bbox 222 645 256 707; x_wconf 65' lang='grc' dir='ltr'><strong>3ιὶ</strong></span> <span class='ocrx_word' id='word_1_16' title='bbox 277 664 348 708; x_wconf 91' lang='lat' dir='ltr'><strong>non</strong></span> <span class='ocrx_word' id='word_1_17' title='bbox 368 642 507 708; x_wconf 90' lang='lat' dir='ltr'><strong>edicunt</strong></span> <span class='ocrx_word' id='word_1_18' title='bbox 533 641 680 731; x_wconf 78' lang='lat' dir='ltr'><strong>(utam.)</strong></span> <span class='ocrx_word' id='word_1_19' title='bbox 707 643 810 732; x_wconf 87' lang='lat' dir='ltr'><strong>plane</strong></span> <span class='ocrx_word' id='word_1_20' title='bbox 830 642 934 710; x_wconf 91' lang='lat' dir='ltr'><strong>idem.</strong></span> <span class='ocrx_word' id='word_1_21' title='bbox 957 642 1039 709; x_wconf 84' lang='lat' dir='ltr'><strong>liein</strong></span> <span class='ocrx_word' id='word_1_22' title='bbox 1066 642 1182 732; x_wconf 89' lang='lat' dir='ltr'><strong>pergit</strong></span> <span class='ocrx_word' id='word_1_23' title='bbox 1203 640 1305 708; x_wconf 74' lang='lat' dir='ltr'><strong>Hebe.</strong></span> <span class='ocrx_word' id='word_1_24' title='bbox 1326 664 1337 706; x_wconf 95' lang='grc'><strong>.·</strong></span> <span class='ocrx_word' id='word_1_25' title='bbox 1358 654 1390 707; x_wconf 87' lang='lat' dir='ltr'><strong>et</strong></span> <span class='ocrx_word' id='word_1_26' title='bbox 1404 641 1500 713; x_wconf 70' lang='lat' dir='ltr'><strong>dicit,</strong></span> <span class='ocrx_word' id='word_1_27' title='bbox 1592 721 1595 725; x_wconf 72' lang='lat'><strong>,</strong></span> 
     </span>
    </p>

    <p class='ocr_par' dir='ltr' id='par_1_4' title="bbox 172 737 1748 882">
     <span class='ocr_line' id='line_1_4' title="bbox 172 744 1740 845; baseline 0.003 -31"><span class='ocrx_word' id='word_1_28' title='bbox 172 746 283 832; x_wconf 87' lang='lat' dir='ltr'><strong>Moab,</strong></span> <span class='ocrx_word' id='word_1_29' title='bbox 304 749 328 815; x_wconf 90' lang='lat' dir='ltr'><strong>i.</strong></span> <span class='ocrx_word' id='word_1_30' title='bbox 347 771 375 815; x_wconf 91' lang='grc' dir='ltr'><strong>ε.</strong></span> <span class='ocrx_word' id='word_1_31' title='bbox 394 750 495 816; x_wconf 89' lang='lat' dir='ltr'><strong>Balac</strong></span> <span class='ocrx_word' id='word_1_32' title='bbox 511 771 546 815; x_wconf 92' lang='lat' dir='ltr'><strong>re</strong></span> <span class='ocrx_word' id='word_1_33' title='bbox 562 750 685 817; x_wconf 88' lang='lat' dir='ltr'><strong>collata</strong></span> <span class='ocrx_word' id='word_1_34' title='bbox 697 771 775 816; x_wconf 89' lang='lat' dir='ltr'><strong>cum</strong></span> <span class='ocrx_word' id='word_1_35' title='bbox 786 748 977 816; x_wconf 89' lang='lat' dir='ltr'><strong>senioribus</strong></span> <span class='ocrx_word' id='word_1_36' title='bbox 993 749 1086 815; x_wconf 84' lang='lat' dir='ltr'>Moab</span> <span class='ocrx_word' id='word_1_37' title='bbox 1102 749 1150 836; x_wconf 86' lang='lat' dir='ltr'><strong>(v.</strong></span> <span class='ocrx_word' id='word_1_38' title='bbox 1170 749 1205 838; x_wconf 78' lang='lat'><strong>7)</strong></span> <span class='ocrx_word' id='word_1_39' title='bbox 1221 771 1283 839; x_wconf 88' lang='lat' dir='ltr'><strong>per</strong></span> <span class='ocrx_word' id='word_1_40' title='bbox 1299 744 1430 834; x_wconf 88' lang='lat' dir='ltr'><strong>legatos</strong></span> <span class='ocrx_word' id='word_1_41' title='bbox 1443 747 1493 813; x_wconf 91' lang='lat' dir='ltr'><strong>al·</strong></span> <span class='ocrx_word' id='word_1_42' title='bbox 1590 759 1598 780; x_wconf 77' lang='lat'><em>⁵</em></span> <span class='ocrx_word' id='word_1_43' title='bbox 1610 760 1623 828; x_wconf 61' lang='lat' dir='ltr'><em>j</em></span> <span class='ocrx_word' id='word_1_44' title='bbox 1636 747 1701 845; x_wconf 63' lang='lat'><strong>&#39;3313</strong></span> <span class='ocrx_word' id='word_1_45' title='bbox 1733 749 1740 773; x_wconf 86' lang='lat'>¹</span> 
     </span>
     <span class='ocr_line' id='line_1_5' title="bbox 1622 843 1729 882; baseline 0 -5"><span class='ocrx_word' id='word_1_46' title='bbox 1622 843 1729 882; x_wconf 49' lang='grc' dir='ltr'><strong>,μὴ’</strong></span> 
     </span>
    </p>
   </div>
   <div class='ocr_carea' id='block_1_3' title="bbox 167 844 1585 4242">
    <p class='ocr_par' dir='ltr' id='par_1_5' title="bbox 167 844 1585 4242">
     <span class='ocr_line' id='line_1_6' title="bbox 170 844 1493 922; baseline 0.001 -3"><span class='ocrx_word' id='word_1_47' title='bbox 170 844 303 921; x_wconf 85' lang='lat' dir='ltr'><strong>locutus</strong></span> <span class='ocrx_word' id='word_1_48' title='bbox 318 861 368 922; x_wconf 88' lang='lat' dir='ltr'><strong>est</strong></span> <span class='ocrx_word' id='word_1_49' title='bbox 386 856 533 921; x_wconf 85' lang='lat' dir='ltr'><strong>seniores</strong></span> <span class='ocrx_word' id='word_1_50' title='bbox 547 855 680 922; x_wconf 79' lang='lat' dir='ltr'>Madian</span> <span class='ocrx_word' id='word_1_51' title='bbox 693 885 735 915; x_wconf 71' lang='grc' dir='ltr'><strong>ε</strong></span> <span class='ocrx_word' id='word_1_52' title='bbox 751 862 898 922; x_wconf 80' lang='lat' dir='ltr'><strong>Ammon</strong></span> <span class='ocrx_word' id='word_1_53' title='bbox 910 894 952 905; x_wconf 94' lang='lat'>—</span> <span class='ocrx_word' id='word_1_54' title='bbox 964 878 994 922; x_wconf 90' lang='lat' dir='ltr'><strong>v.</strong></span> <span class='ocrx_word' id='word_1_55' title='bbox 1012 861 1030 922; x_wconf 80' lang='lat' dir='ltr'><strong>b·</strong></span> <span class='ocrx_word' id='word_1_56' title='bbox 1046 883 1062 916; x_wconf 76' lang='grc' dir='ltr'><strong>ι(</strong></span> <span class='ocrx_word' id='word_1_57' title='bbox 1079 854 1169 922; x_wconf 71' lang='lat' dir='ltr'><strong>dica</strong></span> <span class='ocrx_word' id='word_1_58' title='bbox 1185 854 1232 921; x_wconf 83' lang='lat' dir='ltr'><strong>ad</strong></span> <span class='ocrx_word' id='word_1_59' title='bbox 1247 855 1393 920; x_wconf 83' lang='lat' dir='ltr'><strong>maiores</strong></span> <span class='ocrx_word' id='word_1_60' title='bbox 1408 866 1493 920; x_wconf 83' lang='lat' dir='ltr'><strong>natu</strong></span> 
     </span>
     <span class='ocr_line' id='line_1_7' title="bbox 170 959 1494 1052; baseline 0.002 -28"><span class='ocrx_word' id='word_1_61' title='bbox 170 959 315 1026; x_wconf 80' lang='lat' dir='ltr'><strong>Madian</strong></span> <span class='ocrx_word' id='word_1_62' title='bbox 335 982 348 1025; x_wconf 92' lang='grc'><strong>.·</strong></span> <span class='ocrx_word' id='word_1_63' title='bbox 361 964 413 1027; x_wconf 88' lang='lat' dir='ltr'><strong>lta</strong></span> <span class='ocrx_word' id='word_1_64' title='bbox 427 961 615 1027; x_wconf 81' lang='lat' dir='ltr'><strong>delebitbi&#39;c</strong></span> <span class='ocrx_word' id='word_1_65' title='bbox 626 962 779 1051; x_wconf 78' lang='lat' dir='ltr'><strong>populas</strong></span> <span class='ocrx_word' id='word_1_66' title='bbox 790 985 921 1044; x_wconf 79' lang='lat' dir='ltr'><strong>omnes,</strong></span> <span class='ocrx_word' id='word_1_67' title='bbox 938 961 1000 1052; x_wconf 82' lang='lat' dir='ltr'><strong>qui</strong></span> <span class='ocrx_word' id='word_1_68' title='bbox 1015 961 1052 1028; x_wconf 84' lang='lat' dir='ltr'><strong>ia</strong></span> <span class='ocrx_word' id='word_1_69' title='bbox 1074 961 1200 1028; x_wconf 77' lang='lat' dir='ltr'><strong>nostris</strong></span> <span class='ocrx_word' id='word_1_70' title='bbox 1208 961 1336 1051; x_wconf 80' lang='lat' dir='ltr'><strong>finibus</strong></span> <span class='ocrx_word' id='word_1_71' title='bbox 1349 983 1494 1027; x_wconf 69' lang='lat' dir='ltr'><strong>curtemo-</strong></span> 
     </span>
     <span class='ocr_line' id='line_1_8' title="bbox 170 1067 1493 1157; baseline 0 -24"><span class='ocrx_word' id='word_1_72' title='bbox 170 1079 290 1133; x_wconf 79' lang='lat' dir='ltr'><strong>rantur</strong></span> <span class='ocrx_word' id='word_1_73' title='bbox 316 1095 351 1147; x_wconf 69' lang='lat' dir='ltr'><strong>a,</strong></span> <span class='ocrx_word' id='word_1_74' title='bbox 378 1107 421 1116; x_wconf 94' lang='lat'><strong>—</strong></span> <span class='ocrx_word' id='word_1_75' title='bbox 446 1090 559 1134; x_wconf 71' lang='lat' dir='ltr'><strong>orienes</strong></span> <span class='ocrx_word' id='word_1_76' title='bbox 577 1069 613 1134; x_wconf 79' lang='lat' dir='ltr'><strong>in</strong></span> <span class='ocrx_word' id='word_1_77' title='bbox 635 1069 784 1135; x_wconf 78' lang='lat' dir='ltr'><strong>circuitu</strong></span> <span class='ocrx_word' id='word_1_78' title='bbox 803 1082 934 1155; x_wconf 70' lang='lat' dir='ltr'><strong>ababa,</strong></span> <span class='ocrx_word' id='word_1_79' title='bbox 963 1068 1209 1157; x_wconf 88' lang='lat' dir='ltr'><strong>euphemislioe</strong></span> <span class='ocrx_word' id='word_1_80' title='bbox 1231 1069 1379 1149; x_wconf 89' lang='lat' dir='ltr'><strong>dictum,</strong></span> <span class='ocrx_word' id='word_1_81' title='bbox 1397 1067 1493 1156; x_wconf 81' lang='lat' dir='ltr'><strong>qrrasi</strong></span> 
     </span>
     <span class='ocr_line' id='line_1_9' title="bbox 170 1172 1493 1265; baseline -0.002 -25"><span class='ocrx_word' id='word_1_82' title='bbox 170 1172 226 1240; x_wconf 93' lang='lat' dir='ltr'><strong>bis</strong></span> <span class='ocrx_word' id='word_1_83' title='bbox 245 1172 416 1240; x_wconf 86' lang='lat' dir='ltr'><strong>devoratis</strong></span> <span class='ocrx_word' id='word_1_84' title='bbox 430 1174 501 1240; x_wconf 93' lang='lat' dir='ltr'><strong>ulla</strong></span> <span class='ocrx_word' id='word_1_85' title='bbox 515 1174 558 1240; x_wconf 91' lang='lat' dir='ltr'><strong>sit</strong></span> <span class='ocrx_word' id='word_1_86' title='bbox 581 1174 732 1242; x_wconf 88' lang='lat' dir='ltr'><strong>Moabitis</strong></span> <span class='ocrx_word' id='word_1_87' title='bbox 752 1182 784 1242; x_wconf 88' lang='lat' dir='ltr'><strong>et</strong></span> <span class='ocrx_word' id='word_1_88' title='bbox 808 1175 1011 1242; x_wconf 69' lang='lat' dir='ltr'><strong>ammonitis</strong></span> <span class='ocrx_word' id='word_1_89' title='bbox 1033 1175 1202 1241; x_wconf 88' lang='lat' dir='ltr'><strong>evadendi</strong></span> <span class='ocrx_word' id='word_1_90' title='bbox 1221 1197 1355 1265; x_wconf 87' lang='lat' dir='ltr'><strong>spes-</strong></span> <span class='ocrx_word' id='word_1_91' title='bbox 1371 1201 1387 1234; x_wconf 82' lang='lat' dir='ltr'><strong>a</strong></span> <span class='ocrx_word' id='word_1_92' title='bbox 1410 1195 1493 1262; x_wconf 81' lang='lat' dir='ltr'><strong>qao-</strong></span> 
     </span>
     <span class='ocr_line' id='line_1_10' title="bbox 170 1279 1490 1371; baseline 0 -27"><span class='ocrx_word' id='word_1_93' title='bbox 170 1279 269 1345; x_wconf 81' lang='lat' dir='ltr'><strong>modo</strong></span> <span class='ocrx_word' id='word_1_94' title='bbox 291 1280 376 1345; x_wconf 83' lang='lat' dir='ltr'><strong>solet</strong></span> <span class='ocrx_word' id='word_1_95' title='bbox 400 1279 456 1346; x_wconf 83' lang='lat' dir='ltr'><strong>bos</strong></span> <span class='ocrx_word' id='word_1_96' title='bbox 481 1279 600 1347; x_wconf 78' lang='lat' dir='ltr'><strong>barbas</strong></span> <span class='ocrx_word' id='word_1_97' title='bbox 626 1281 802 1371; x_wconf 82' lang='lat' dir='ltr'><strong>usquead</strong></span> <span class='ocrx_word' id='word_1_98' title='bbox 826 1282 956 1348; x_wconf 80' lang='lat' dir='ltr'><strong>radices</strong></span> <span class='ocrx_word' id='word_1_99' title='bbox 980 1303 1118 1371; x_wconf 77' lang='lat' dir='ltr'><strong>carpere</strong></span> <span class='ocrx_word' id='word_1_100' title='bbox 1147 1308 1177 1349; x_wconf 78' lang='lat' dir='ltr'><strong>n,</strong></span> <span class='ocrx_word' id='word_1_101' title='bbox 1201 1286 1369 1347; x_wconf 77' lang='lat' dir='ltr'>Vocantur</span> <span class='ocrx_word' id='word_1_102' title='bbox 1394 1282 1490 1345; x_wconf 81' lang='lat' dir='ltr'><strong>turba</strong></span> 
     </span>
     <span class='ocr_line' id='line_1_11' title="bbox 170 1384 1487 1478; baseline 0.001 -27"><span class='ocrx_word' id='word_1_103' title='bbox 170 1384 252 1452; x_wconf 83' lang='lat' dir='ltr'><strong>haec</strong></span> <span class='ocrx_word' id='word_1_104' title='bbox 281 1388 337 1474; x_wconf 86' lang='lat' dir='ltr'><strong>(cl.</strong></span> <span class='ocrx_word' id='word_1_105' title='bbox 372 1390 452 1454; x_wconf 87' lang='lat' dir='ltr'><strong>Gen.</strong></span> <span class='ocrx_word' id='word_1_106' title='bbox 484 1393 581 1468; x_wconf 68' lang='lat'><strong>⁶28,3;</strong></span> <span class='ocrx_word' id='word_1_107' title='bbox 613 1395 731 1470; x_wconf 86' lang='lat'><strong>35,11;</strong></span> <span class='ocrx_word' id='word_1_108' title='bbox 764 1394 860 1472; x_wconf 75' lang='lat' dir='ltr'><strong>t8‚i;</strong></span> <span class='ocrx_word' id='word_1_109' title='bbox 891 1410 1082 1478; x_wconf 81' lang='lat' dir='ltr'><strong>pronomen</strong></span> <span class='ocrx_word' id='word_1_110' title='bbox 1110 1387 1235 1454; x_wconf 82' lang='lat' dir='ltr'><strong>excidit</strong></span> <span class='ocrx_word' id='word_1_111' title='bbox 1264 1386 1357 1476; x_wconf 89' lang='lat' dir='ltr'><strong>apud</strong></span> <span class='ocrx_word' id='word_1_112' title='bbox 1386 1388 1487 1452; x_wconf 76' lang='lat' dir='ltr'><strong>Hebe.</strong></span> 
     </span>
     <span class='ocr_line' id='line_1_12' title="bbox 173 1491 1491 1584; baseline 0 -26"><span class='ocrx_word' id='word_1_113' title='bbox 173 1491 327 1581; x_wconf 77' lang='lat' dir='ltr'><strong>cauta),</strong></span> <span class='ocrx_word' id='word_1_114' title='bbox 352 1493 451 1581; x_wconf 84' lang='lat' dir='ltr'><strong>quasi</strong></span> <span class='ocrx_word' id='word_1_115' title='bbox 469 1494 549 1560; x_wconf 91' lang='lat' dir='ltr'><strong>solis</strong></span> <span class='ocrx_word' id='word_1_116' title='bbox 570 1496 722 1562; x_wconf 88' lang='lat' dir='ltr'><strong>numeris</strong></span> <span class='ocrx_word' id='word_1_117' title='bbox 737 1496 973 1584; x_wconf 87' lang='lat' dir='ltr'><strong>praevaleant;</strong></span> <span class='ocrx_word' id='word_1_118' title='bbox 1001 1499 1246 1584; x_wconf 89' lang='lat' dir='ltr'><strong>comparantur</strong></span> <span class='ocrx_word' id='word_1_119' title='bbox 1264 1492 1407 1561; x_wconf 92' lang='lat' dir='ltr'><strong>animali</strong></span> <span class='ocrx_word' id='word_1_120' title='bbox 1430 1515 1491 1580; x_wconf 92' lang='lat' dir='ltr'><strong>pa·</strong></span> 
     </span>
     <span class='ocr_line' id='line_1_13' title="bbox 170 1599 1490 1690; baseline -0.002 -26"><span class='ocrx_word' id='word_1_121' title='bbox 170 1620 247 1663; x_wconf 86' lang='lat' dir='ltr'><strong>rum</strong></span> <span class='ocrx_word' id='word_1_122' title='bbox 275 1599 407 1685; x_wconf 79' lang='lat' dir='ltr'><strong>sagaci,</strong></span> <span class='ocrx_word' id='word_1_123' title='bbox 433 1600 525 1690; x_wconf 93' lang='lat' dir='ltr'><strong>quod</strong></span> <span class='ocrx_word' id='word_1_124' title='bbox 552 1602 656 1668; x_wconf 90' lang='lat' dir='ltr'><strong>vitam</strong></span> <span class='ocrx_word' id='word_1_125' title='bbox 685 1602 757 1669; x_wconf 86' lang='lat' dir='ltr'><strong>lere</strong></span> <span class='ocrx_word' id='word_1_126' title='bbox 783 1601 995 1669; x_wconf 87' lang='lat' dir='ltr'><strong>comedendo</strong></span> <span class='ocrx_word' id='word_1_127' title='bbox 1019 1601 1198 1688; x_wconf 88' lang='lat' dir='ltr'><strong>transigat.</strong></span> <span class='ocrx_word' id='word_1_128' title='bbox 1222 1628 1237 1660; x_wconf 75' lang='grc' dir='ltr'>α</span> <span class='ocrx_word' id='word_1_129' title='bbox 1266 1602 1340 1689; x_wconf 78' lang='lat' dir='ltr'><strong>lpse</strong></span> <span class='ocrx_word' id='word_1_130' title='bbox 1361 1611 1433 1663; x_wconf 75' lang='lat' dir='ltr'><strong>aaut</strong></span> <span class='ocrx_word' id='word_1_131' title='bbox 1453 1621 1490 1663; x_wconf 89' lang='lat' dir='ltr'><strong>eo</strong></span> 
     </span>
     <span class='ocr_line' id='line_1_14' title="bbox 171 1705 1489 1797; baseline 0.002 -29"><span class='ocrx_word' id='word_1_132' title='bbox 171 1716 318 1793; x_wconf 76' lang='lat' dir='ltr'><strong>tempore</strong></span> <span class='ocrx_word' id='word_1_133' title='bbox 343 1729 403 1771; x_wconf 75' lang='lat' dir='ltr'><strong>rea:</strong></span> <span class='ocrx_word' id='word_1_134' title='bbox 427 1707 463 1773; x_wconf 75' lang='lat' dir='ltr'><strong>in</strong></span> <span class='ocrx_word' id='word_1_135' title='bbox 484 1710 583 1774; x_wconf 84' lang='lat' dir='ltr'><strong>Moab</strong></span> <span class='ocrx_word' id='word_1_136' title='bbox 611 1738 640 1775; x_wconf 68' lang='lat' dir='ltr'><strong>a.</strong></span> <span class='ocrx_word' id='word_1_137' title='bbox 667 1713 751 1775; x_wconf 88' lang='lat' dir='ltr'><strong>ilaec</strong></span> <span class='ocrx_word' id='word_1_138' title='bbox 771 1708 1004 1797; x_wconf 83' lang='lat' dir='ltr'><strong>parenthetica</strong></span> <span class='ocrx_word' id='word_1_139' title='bbox 1024 1710 1221 1775; x_wconf 90' lang='lat' dir='ltr'><strong>inseruntur</strong></span> <span class='ocrx_word' id='word_1_140' title='bbox 1234 1708 1355 1772; x_wconf 92' lang='lat' dir='ltr'><strong>nuntio</strong></span> <span class='ocrx_word' id='word_1_141' title='bbox 1370 1705 1489 1785; x_wconf 89' lang='lat' dir='ltr'><strong>Balac,</strong></span> 
     </span>
     <span class='ocr_line' id='line_1_15' title="bbox 169 1811 1493 1904; baseline 0 -28"><span class='ocrx_word' id='word_1_142' title='bbox 169 1811 265 1878; x_wconf 92' lang='lat' dir='ltr'><strong>cuius</strong></span> <span class='ocrx_word' id='word_1_143' title='bbox 289 1812 466 1901; x_wconf 91' lang='lat' dir='ltr'><strong>potissima</strong></span> <span class='ocrx_word' id='word_1_144' title='bbox 492 1811 571 1903; x_wconf 88' lang='lat' dir='ltr'><strong>pars</strong></span> <span class='ocrx_word' id='word_1_145' title='bbox 590 1817 745 1904; x_wconf 89' lang='lat' dir='ltr'><strong>sequitur</strong></span> <span class='ocrx_word' id='word_1_146' title='bbox 764 1838 796 1882; x_wconf 89' lang='lat' dir='ltr'><strong>v.</strong></span> <span class='ocrx_word' id='word_1_147' title='bbox 822 1822 853 1880; x_wconf 88' lang='lat'><strong>5.</strong></span> <span class='ocrx_word' id='word_1_148' title='bbox 880 1815 974 1892; x_wconf 84' lang='lat' dir='ltr'><strong>Quod</strong></span> <span class='ocrx_word' id='word_1_149' title='bbox 997 1813 1162 1900; x_wconf 88' lang='lat' dir='ltr'><strong>ignorans</strong></span> <span class='ocrx_word' id='word_1_150' title='bbox 1188 1812 1350 1902; x_wconf 89' lang='lat' dir='ltr'><strong>antiquus</strong></span> <span class='ocrx_word' id='word_1_151' title='bbox 1370 1812 1493 1901; x_wconf 92' lang='lat' dir='ltr'><strong>aliquis</strong></span> 
     </span>
     <span class='ocr_line' id='line_1_16' title="bbox 169 1909 1493 2010; baseline 0 -28"><span class='ocrx_word' id='word_1_152' title='bbox 169 1917 297 1998; x_wconf 89' lang='lat' dir='ltr'><strong>scriba,</strong></span> <span class='ocrx_word' id='word_1_153' title='bbox 320 1919 416 1985; x_wconf 90' lang='lat' dir='ltr'><strong>initio</strong></span> <span class='ocrx_word' id='word_1_154' title='bbox 440 1943 472 1986; x_wconf 84' lang='lat' dir='ltr'><strong>v.</strong></span> <span class='ocrx_word' id='word_1_155' title='bbox 499 1929 518 1987; x_wconf 91' lang='lat'>5</span> <span class='ocrx_word' id='word_1_156' title='bbox 538 1921 781 2010; x_wconf 90' lang='lat' dir='ltr'><strong>imperativum</strong></span> <span class='ocrx_word' id='word_1_157' title='bbox 809 1921 979 2009; x_wconf 84' lang='lat' dir='ltr'><strong>pluralem</strong></span> <span class='ocrx_word' id='word_1_158' title='bbox 1001 1909 1095 1985; x_wconf 72' lang='lat' dir='ltr'><strong>aton</strong></span> <span class='ocrx_word' id='word_1_159' title='bbox 1121 1920 1262 2005; x_wconf 79' lang='lat' dir='ltr'><strong>mittite,</strong></span> <span class='ocrx_word' id='word_1_160' title='bbox 1292 1920 1437 1986; x_wconf 91' lang='lat' dir='ltr'><strong>mutavit</strong></span> <span class='ocrx_word' id='word_1_161' title='bbox 1459 1919 1493 1983; x_wconf 89' lang='lat' dir='ltr'><strong>in</strong></span> 
     </span>
     <span class='ocr_line' id='line_1_17' title="bbox 168 2015 1493 2111; baseline 0.002 -23"><span class='ocrx_word' id='word_1_162' title='bbox 168 2023 321 2090; x_wconf 84' lang='lat' dir='ltr'><strong>futurum</strong></span> <span class='ocrx_word' id='word_1_163' title='bbox 345 2026 581 2092; x_wconf 86' lang='lat' dir='ltr'><strong>conversivam</strong></span> <span class='ocrx_word' id='word_1_164' title='bbox 606 2015 700 2092; x_wconf 70' lang='lat' dir='ltr'><strong>abuti</strong></span> <span class='ocrx_word' id='word_1_165' title='bbox 730 2027 842 2111; x_wconf 51' lang='lat' dir='ltr'><strong>sitista·</strong></span> <span class='ocrx_word' id='word_1_166' title='bbox 860 2029 919 2094; x_wconf 88' lang='lat' dir='ltr'><strong>sed</strong></span> <span class='ocrx_word' id='word_1_167' title='bbox 943 2051 975 2093; x_wconf 90' lang='lat' dir='ltr'><strong>v.</strong></span> <span class='ocrx_word' id='word_1_168' title='bbox 1003 2033 1022 2093; x_wconf 88' lang='lat'>5</span> <span class='ocrx_word' id='word_1_169' title='bbox 1042 2034 1120 2093; x_wconf 90' lang='lat' dir='ltr'><strong>sunt</strong></span> <span class='ocrx_word' id='word_1_170' title='bbox 1143 2027 1249 2093; x_wconf 89' lang='lat' dir='ltr'><strong>verba</strong></span> <span class='ocrx_word' id='word_1_171' title='bbox 1274 2026 1386 2092; x_wconf 82' lang='lat' dir='ltr'><strong>Malae.</strong></span> <span class='ocrx_word' id='word_1_172' title='bbox 1416 2048 1448 2090; x_wconf 89' lang='lat' dir='ltr'><strong>v.</strong></span> <span class='ocrx_word' id='word_1_173' title='bbox 1474 2031 1493 2090; x_wconf 82' lang='lat'>5</span> 
     </span>
     <span class='ocr_line' id='line_1_18' title="bbox 172 2129 1493 2222; baseline 0.002 -31"><span class='ocrx_word' id='word_1_174' title='bbox 172 2156 187 2190; x_wconf 81' lang='lat' dir='ltr'><strong>a</strong></span> <span class='ocrx_word' id='word_1_175' title='bbox 207 2129 304 2195; x_wconf 74' lang='lat' dir='ltr'><strong>iasa</strong></span> <span class='ocrx_word' id='word_1_176' title='bbox 323 2153 404 2219; x_wconf 72' lang='lat' dir='ltr'><strong>erpo</strong></span> <span class='ocrx_word' id='word_1_177' title='bbox 422 2133 561 2198; x_wconf 70' lang='lat' dir='ltr'><strong>atinam</strong></span> <span class='ocrx_word' id='word_1_178' title='bbox 575 2132 623 2199; x_wconf 87' lang='lat' dir='ltr'><strong>ad</strong></span> <span class='ocrx_word' id='word_1_179' title='bbox 635 2132 781 2213; x_wconf 70' lang='lat' dir='ltr'><strong>Balaam</strong></span> <span class='ocrx_word' id='word_1_180' title='bbox 799 2133 915 2222; x_wconf 80' lang='lat' dir='ltr'><strong>filium</strong></span> <span class='ocrx_word' id='word_1_181' title='bbox 939 2137 1026 2200; x_wconf 82' lang='lat' dir='ltr'><strong>Beer</strong></span> <span class='ocrx_word' id='word_1_182' title='bbox 1047 2133 1211 2216; x_wconf 76' lang='lat' dir='ltr'><strong>ariolum,</strong></span> <span class='ocrx_word' id='word_1_183' title='bbox 1232 2133 1294 2220; x_wconf 76' lang='lat' dir='ltr'><strong>qai</strong></span> <span class='ocrx_word' id='word_1_184' title='bbox 1315 2130 1493 2196; x_wconf 77' lang='lat' dir='ltr'><strong>habitabat</strong></span> 
     </span>
     <span class='ocr_line' id='line_1_19' title="bbox 168 2235 1585 2327; baseline 0.004 -33"><span class='ocrx_word' id='word_1_185' title='bbox 168 2256 268 2322; x_wconf 78' lang='lat' dir='ltr'><strong>sttper</strong></span> <span class='ocrx_word' id='word_1_186' title='bbox 292 2236 423 2324; x_wconf 71' lang='lat' dir='ltr'><strong>flumen</strong></span> <span class='ocrx_word' id='word_1_187' title='bbox 449 2250 557 2304; x_wconf 82' lang='lat' dir='ltr'><strong>terrae</strong></span> <span class='ocrx_word' id='word_1_188' title='bbox 575 2238 728 2327; x_wconf 78' lang='lat' dir='ltr'><strong>filiorum</strong></span> <span class='ocrx_word' id='word_1_189' title='bbox 755 2242 918 2321; x_wconf 76' lang='lat' dir='ltr'><strong>Arainon,</strong></span> <span class='ocrx_word' id='word_1_190' title='bbox 938 2250 976 2304; x_wconf 83' lang='lat' dir='ltr'><strong>at</strong></span> <span class='ocrx_word' id='word_1_191' title='bbox 998 2249 1157 2304; x_wconf 70' lang='lat' dir='ltr'><strong>vocarent</strong></span> <span class='ocrx_word' id='word_1_192' title='bbox 1174 2259 1252 2302; x_wconf 78' lang='lat' dir='ltr'><strong>etim</strong></span> <span class='ocrx_word' id='word_1_193' title='bbox 1270 2249 1303 2301; x_wconf 86' lang='lat' dir='ltr'><strong>et</strong></span> <span class='ocrx_word' id='word_1_194' title='bbox 1316 2235 1466 2301; x_wconf 78' lang='lat' dir='ltr'><strong>dicerent</strong></span> <span class='ocrx_word' id='word_1_195' title='bbox 1481 2256 1492 2300; x_wconf 90' lang='grc'><strong>.·</strong></span> <span class='ocrx_word' id='word_1_196' title='bbox 1583 2250 1585 2253; x_wconf 82' lang='grc'><strong>’</strong></span> 
     </span>
     <span class='ocr_line' id='line_1_20' title="bbox 170 2342 1489 2435; baseline 0.001 -30"><span class='ocrx_word' id='word_1_197' title='bbox 170 2342 256 2407; x_wconf 79' lang='lat' dir='ltr'><strong>Eece</strong></span> <span class='ocrx_word' id='word_1_198' title='bbox 276 2364 424 2431; x_wconf 73' lang='lat' dir='ltr'><strong>epressus</strong></span> <span class='ocrx_word' id='word_1_199' title='bbox 437 2356 486 2410; x_wconf 83' lang='lat' dir='ltr'><strong>est</strong></span> <span class='ocrx_word' id='word_1_200' title='bbox 498 2346 649 2435; x_wconf 79' lang='lat' dir='ltr'><strong>popalus</strong></span> <span class='ocrx_word' id='word_1_201' title='bbox 662 2368 704 2411; x_wconf 80' lang='lat' dir='ltr'><strong>ea</strong></span> <span class='ocrx_word' id='word_1_202' title='bbox 717 2346 893 2434; x_wconf 70' lang='lat' dir='ltr'><strong>aeqypto,</strong></span> <span class='ocrx_word' id='word_1_203' title='bbox 910 2344 972 2433; x_wconf 74' lang='lat' dir='ltr'><strong>qai</strong></span> <span class='ocrx_word' id='word_1_204' title='bbox 989 2345 1122 2434; x_wconf 67' lang='lat' dir='ltr'><strong>altercat</strong></span> <span class='ocrx_word' id='word_1_205' title='bbox 1139 2343 1354 2433; x_wconf 78' lang='lat' dir='ltr'><strong>superficiem</strong></span> <span class='ocrx_word' id='word_1_206' title='bbox 1369 2356 1489 2421; x_wconf 83' lang='lat' dir='ltr'><strong>terrae,</strong></span> 
     </span>
     <span class='ocr_line' id='line_1_21' title="bbox 169 2446 1491 2537; baseline 0.003 -28"><span class='ocrx_word' id='word_1_207' title='bbox 169 2446 288 2515; x_wconf 73' lang='lat' dir='ltr'><strong>sarteas</strong></span> <span class='ocrx_word' id='word_1_208' title='bbox 308 2463 425 2516; x_wconf 81' lang='lat' dir='ltr'><strong>contra</strong></span> <span class='ocrx_word' id='word_1_209' title='bbox 446 2474 500 2517; x_wconf 84' lang='lat' dir='ltr'><strong>me</strong></span> <span class='ocrx_word' id='word_1_210' title='bbox 529 2480 562 2531; x_wconf 87' lang='lat'><strong>»‚</strong></span> <span class='ocrx_word' id='word_1_211' title='bbox 590 2474 607 2517; x_wconf 90' lang='lat' dir='ltr'><strong>e</strong></span> <span class='ocrx_word' id='word_1_212' title='bbox 633 2451 775 2537; x_wconf 87' lang='lat' dir='ltr'><strong>regione</strong></span> <span class='ocrx_word' id='word_1_213' title='bbox 796 2452 872 2518; x_wconf 86' lang='lat' dir='ltr'><strong>mei.</strong></span> <span class='ocrx_word' id='word_1_214' title='bbox 905 2458 982 2518; x_wconf 72' lang='lat' dir='ltr'><strong>ub</strong></span> <span class='ocrx_word' id='word_1_215' title='bbox 1013 2479 1028 2511; x_wconf 91' lang='lat'>«</span> <span class='ocrx_word' id='word_1_216' title='bbox 1065 2451 1148 2517; x_wconf 73' lang='lat' dir='ltr'><strong>Veni</strong></span> <span class='ocrx_word' id='word_1_217' title='bbox 1175 2450 1294 2537; x_wconf 61' lang='lat' dir='ltr'><strong>igitur,</strong></span> <span class='ocrx_word' id='word_1_218' title='bbox 1329 2461 1361 2515; x_wconf 86' lang='lat' dir='ltr'><strong>et</strong></span> <span class='ocrx_word' id='word_1_219' title='bbox 1384 2447 1491 2513; x_wconf 83' lang='lat' dir='ltr'><strong>male-</strong></span> 
     </span>
     <span class='ocr_line' id='line_1_22' title="bbox 170 2554 1488 2647; baseline -0.001 -27"><span class='ocrx_word' id='word_1_220' title='bbox 170 2554 225 2621; x_wconf 78' lang='lat' dir='ltr'><strong>dic</strong></span> <span class='ocrx_word' id='word_1_221' title='bbox 247 2584 262 2616; x_wconf 76' lang='lat' dir='ltr'><strong>n</strong></span> <span class='ocrx_word' id='word_1_222' title='bbox 285 2556 372 2622; x_wconf 70' lang='lat' dir='ltr'><strong>acilii</strong></span> <span class='ocrx_word' id='word_1_223' title='bbox 393 2585 408 2618; x_wconf 83' lang='lat' dir='ltr'><strong>u</strong></span> <span class='ocrx_word' id='word_1_224' title='bbox 424 2557 557 2647; x_wconf 69' lang='lat' dir='ltr'><strong>propiitlo</strong></span> <span class='ocrx_word' id='word_1_225' title='bbox 578 2557 673 2645; x_wconf 70' lang='lat' dir='ltr'><strong>aaa,</strong></span> <span class='ocrx_word' id='word_1_226' title='bbox 699 2557 782 2647; x_wconf 85' lang='lat' dir='ltr'><strong>qaia</strong></span> <span class='ocrx_word' id='word_1_227' title='bbox 800 2557 924 2646; x_wconf 80' lang='lat' dir='ltr'><strong>sortior</strong></span> <span class='ocrx_word' id='word_1_228' title='bbox 944 2580 996 2623; x_wconf 86' lang='lat' dir='ltr'><strong>me</strong></span> <span class='ocrx_word' id='word_1_229' title='bbox 1015 2570 1079 2644; x_wconf 84' lang='lat' dir='ltr'><strong>est,</strong></span> <span class='ocrx_word' id='word_1_230' title='bbox 1101 2557 1131 2623; x_wconf 80' lang='lat' dir='ltr'><strong>si</strong></span> <span class='ocrx_word' id='word_1_231' title='bbox 1155 2579 1221 2646; x_wconf 84' lang='lat' dir='ltr'><strong>quo</strong></span> <span class='ocrx_word' id='word_1_232' title='bbox 1244 2555 1343 2621; x_wconf 76' lang='lat' dir='ltr'><strong>niodo</strong></span> <span class='ocrx_word' id='word_1_233' title='bbox 1358 2554 1488 2646; x_wconf 78' lang='lat' dir='ltr'><strong>possim</strong></span> 
     </span>
     <span class='ocr_line' id='line_1_23' title="bbox 167 2660 1490 2751; baseline -0.002 -24"><span class='ocrx_word' id='word_1_234' title='bbox 167 2676 345 2751; x_wconf 78' lang='lat' dir='ltr'><strong>percutere</strong></span> <span class='ocrx_word' id='word_1_235' title='bbox 365 2677 396 2730; x_wconf 83' lang='lat' dir='ltr'><strong>et</strong></span> <span class='ocrx_word' id='word_1_236' title='bbox 416 2664 535 2730; x_wconf 77' lang='lat' dir='ltr'><strong>eiicere</strong></span> <span class='ocrx_word' id='word_1_237' title='bbox 555 2687 634 2731; x_wconf 84' lang='lat' dir='ltr'><strong>eam</strong></span> <span class='ocrx_word' id='word_1_238' title='bbox 659 2664 700 2730; x_wconf 83' lang='lat' dir='ltr'><strong>de</strong></span> <span class='ocrx_word' id='word_1_239' title='bbox 724 2675 814 2730; x_wconf 78' lang='lat' dir='ltr'><strong>terra</strong></span> <span class='ocrx_word' id='word_1_240' title='bbox 838 2664 937 2751; x_wconf 76' lang='lat' dir='ltr'><strong>[inea]</strong></span> <span class='ocrx_word' id='word_1_241' title='bbox 965 2689 997 2748; x_wconf 78' lang='lat'><strong>»3</strong></span> <span class='ocrx_word' id='word_1_242' title='bbox 1020 2704 1064 2714; x_wconf 88' lang='lat'><em>-</em></span> <span class='ocrx_word' id='word_1_243' title='bbox 1089 2666 1191 2730; x_wconf 75' lang='lat' dir='ltr'><strong>Heba.</strong></span> <span class='ocrx_word' id='word_1_244' title='bbox 1215 2686 1228 2729; x_wconf 91' lang='grc'><strong>.·</strong></span> <span class='ocrx_word' id='word_1_245' title='bbox 1249 2662 1279 2728; x_wconf 86' lang='lat' dir='ltr'><strong>si</strong></span> <span class='ocrx_word' id='word_1_246' title='bbox 1302 2685 1369 2750; x_wconf 76' lang='lat' dir='ltr'><strong>qaae</strong></span> <span class='ocrx_word' id='word_1_247' title='bbox 1390 2660 1490 2726; x_wconf 75' lang='lat' dir='ltr'><strong>titudo</strong></span> 
     </span>
     <span class='ocr_line' id='line_1_24' title="bbox 171 2768 1491 2859; baseline -0.001 -25"><span class='ocrx_word' id='word_1_248' title='bbox 171 2769 340 2856; x_wconf 74' lang='lat' dir='ltr'><strong>efficiam,</strong></span> <span class='ocrx_word' id='word_1_249' title='bbox 367 2783 404 2835; x_wconf 82' lang='lat' dir='ltr'><strong>ut</strong></span> <span class='ocrx_word' id='word_1_250' title='bbox 424 2770 657 2859; x_wconf 73' lang='lat' dir='ltr'><strong>percutiamus</strong></span> <span class='ocrx_word' id='word_1_251' title='bbox 677 2794 753 2837; x_wconf 84' lang='lat' dir='ltr'><strong>eam</strong></span> <span class='ocrx_word' id='word_1_252' title='bbox 778 2810 822 2822; x_wconf 97' lang='lat'>—</span> <span class='ocrx_word' id='word_1_253' title='bbox 846 2799 862 2832; x_wconf 91' lang='lat'>«</span> <span class='ocrx_word' id='word_1_254' title='bbox 884 2772 965 2837; x_wconf 80' lang='lat' dir='ltr'><strong>nori</strong></span> <span class='ocrx_word' id='word_1_255' title='bbox 987 2771 1095 2854; x_wconf 78' lang='lat' dir='ltr'><strong>eia&#39;nr,</strong></span> <span class='ocrx_word' id='word_1_256' title='bbox 1122 2769 1216 2859; x_wconf 82' lang='lat' dir='ltr'><strong>quod</strong></span> <span class='ocrx_word' id='word_1_257' title='bbox 1238 2768 1433 2835; x_wconf 78' lang='lat' dir='ltr'><strong>benedictas</strong></span> <span class='ocrx_word' id='word_1_258' title='bbox 1448 2769 1491 2834; x_wconf 83' lang='lat' dir='ltr'><strong>sit</strong></span> 
     </span>
     <span class='ocr_line' id='line_1_25' title="bbox 171 2875 1488 2968; baseline 0.001 -27"><span class='ocrx_word' id='word_1_259' title='bbox 171 2876 229 2941; x_wconf 81' lang='lat' dir='ltr'><strong>cui</strong></span> <span class='ocrx_word' id='word_1_260' title='bbox 255 2875 482 2964; x_wconf 70' lang='lat' dir='ltr'><strong>benediceris,</strong></span> <span class='ocrx_word' id='word_1_261' title='bbox 510 2892 542 2944; x_wconf 87' lang='lat' dir='ltr'><strong>et</strong></span> <span class='ocrx_word' id='word_1_262' title='bbox 572 2877 776 2944; x_wconf 83' lang='lat' dir='ltr'><strong>maledictus</strong></span> <span class='ocrx_word' id='word_1_263' title='bbox 805 2879 842 2944; x_wconf 83' lang='lat' dir='ltr'><strong>iu</strong></span> <span class='ocrx_word' id='word_1_264' title='bbox 874 2901 975 2968; x_wconf 82' lang='lat' dir='ltr'><strong>quem</strong></span> <span class='ocrx_word' id='word_1_265' title='bbox 1003 2876 1189 2944; x_wconf 80' lang='lat' dir='ltr'><strong>maledicta</strong></span> <span class='ocrx_word' id='word_1_266' title='bbox 1222 2876 1426 2963; x_wconf 78' lang='lat' dir='ltr'><strong>conpesseris</strong></span> <span class='ocrx_word' id='word_1_267' title='bbox 1458 2904 1488 2942; x_wconf 69' lang='lat' dir='ltr'><strong>a.</strong></span> 
     </span>
     <span class='ocr_line' id='line_1_26' title="bbox 168 2981 1488 3074; baseline 0 -28"><span class='ocrx_word' id='word_1_268' title='bbox 168 2983 255 3048; x_wconf 89' lang='lat' dir='ltr'><strong>Petit</strong></span> <span class='ocrx_word' id='word_1_269' title='bbox 283 2982 383 3048; x_wconf 87' lang='lat' dir='ltr'><strong>Balac</strong></span> <span class='ocrx_word' id='word_1_270' title='bbox 412 2984 457 3050; x_wconf 90' lang='lat' dir='ltr'><strong>ab</strong></span> <span class='ocrx_word' id='word_1_271' title='bbox 490 2984 708 3066; x_wconf 72' lang='lat' dir='ltr'><strong>ammonitis,</strong></span> <span class='ocrx_word' id='word_1_272' title='bbox 737 2991 776 3051; x_wconf 89' lang='lat' dir='ltr'><strong>ut</strong></span> <span class='ocrx_word' id='word_1_273' title='bbox 801 3007 901 3052; x_wconf 92' lang='lat' dir='ltr'><strong>suum</strong></span> <span class='ocrx_word' id='word_1_274' title='bbox 932 2984 996 3051; x_wconf 91' lang='lat' dir='ltr'><strong>sibi</strong></span> <span class='ocrx_word' id='word_1_275' title='bbox 1020 2985 1226 3074; x_wconf 89' lang='lat' dir='ltr'><strong>prophetam</strong></span> <span class='ocrx_word' id='word_1_276' title='bbox 1253 2981 1488 3048; x_wconf 80' lang='lat' dir='ltr'><strong>submittant:</strong></span> 
     </span>
     <span class='ocr_line' id='line_1_27' title="bbox 169 3087 1491 3177; baseline -0.001 -25"><span class='ocrx_word' id='word_1_277' title='bbox 169 3088 325 3176; x_wconf 90' lang='lat' dir='ltr'><strong>quamvis</strong></span> <span class='ocrx_word' id='word_1_278' title='bbox 343 3088 435 3156; x_wconf 91' lang='lat' dir='ltr'><strong>enim</strong></span> <span class='ocrx_word' id='word_1_279' title='bbox 461 3090 626 3157; x_wconf 79' lang='lat' dir='ltr'><strong>Moabitae</strong></span> <span class='ocrx_word' id='word_1_280' title='bbox 649 3112 741 3157; x_wconf 90' lang='lat' dir='ltr'><strong>nunc</strong></span> <span class='ocrx_word' id='word_1_281' title='bbox 767 3091 932 3158; x_wconf 77' lang='lat' dir='ltr'><strong>israelitas</strong></span> <span class='ocrx_word' id='word_1_282' title='bbox 951 3112 1020 3156; x_wconf 90' lang='lat' dir='ltr'><strong>non</strong></span> <span class='ocrx_word' id='word_1_283' title='bbox 1040 3090 1188 3177; x_wconf 79' lang='lat' dir='ltr'><strong>audeant</strong></span> <span class='ocrx_word' id='word_1_284' title='bbox 1208 3088 1334 3155; x_wconf 89' lang='lat' dir='ltr'><strong>adoriri</strong></span> <span class='ocrx_word' id='word_1_285' title='bbox 1353 3109 1431 3153; x_wconf 91' lang='lat' dir='ltr'><strong>cum</strong></span> <span class='ocrx_word' id='word_1_286' title='bbox 1447 3087 1491 3152; x_wconf 84' lang='lat' dir='ltr'><strong>ob</strong></span> 
     </span>
     <span class='ocr_line' id='line_1_28' title="bbox 169 3194 1490 3283; baseline 0 -24"><span class='ocrx_word' id='word_1_287' title='bbox 169 3194 259 3260; x_wconf 90' lang='lat' dir='ltr'><strong>vires</strong></span> <span class='ocrx_word' id='word_1_288' title='bbox 269 3216 347 3260; x_wconf 92' lang='lat' dir='ltr'><strong>suas</strong></span> <span class='ocrx_word' id='word_1_289' title='bbox 361 3194 475 3283; x_wconf 90' lang='lat' dir='ltr'><strong>priore</strong></span> <span class='ocrx_word' id='word_1_290' title='bbox 496 3201 612 3262; x_wconf 89' lang='lat' dir='ltr'><strong>contra</strong></span> <span class='ocrx_word' id='word_1_291' title='bbox 625 3197 793 3264; x_wconf 89' lang='lat' dir='ltr'><strong>Sebouem</strong></span> <span class='ocrx_word' id='word_1_292' title='bbox 814 3196 905 3263; x_wconf 87' lang='lat' dir='ltr'><strong>bello</strong></span> <span class='ocrx_word' id='word_1_293' title='bbox 925 3201 1049 3263; x_wconf 80' lang='lat' dir='ltr'><strong>fractas</strong></span> <span class='ocrx_word' id='word_1_294' title='bbox 1068 3203 1142 3262; x_wconf 91' lang='lat' dir='ltr'><strong>tum</strong></span> <span class='ocrx_word' id='word_1_295' title='bbox 1155 3196 1199 3262; x_wconf 93' lang='lat' dir='ltr'><strong>ob</strong></span> <span class='ocrx_word' id='word_1_296' title='bbox 1215 3195 1395 3261; x_wconf 90' lang='lat' dir='ltr'><strong>horrorem</strong></span> <span class='ocrx_word' id='word_1_297' title='bbox 1411 3217 1490 3281; x_wconf 91' lang='lat' dir='ltr'><strong>pro-</strong></span> 
     </span>
     <span class='ocr_line' id='line_1_29' title="bbox 168 3299 1490 3391; baseline -0.001 -25"><span class='ocrx_word' id='word_1_298' title='bbox 168 3300 293 3390; x_wconf 91' lang='lat' dir='ltr'><strong>phetae</strong></span> <span class='ocrx_word' id='word_1_299' title='bbox 314 3303 448 3389; x_wconf 77' lang='lat' dir='ltr'><strong>Moysis,</strong></span> <span class='ocrx_word' id='word_1_300' title='bbox 475 3306 510 3368; x_wconf 91' lang='lat' dir='ltr'><strong>at</strong></span> <span class='ocrx_word' id='word_1_301' title='bbox 533 3303 664 3370; x_wconf 88' lang='lat' dir='ltr'><strong>cordati</strong></span> <span class='ocrx_word' id='word_1_302' title='bbox 689 3302 899 3385; x_wconf 83' lang='lat' dir='ltr'><strong>adoriantur,</strong></span> <span class='ocrx_word' id='word_1_303' title='bbox 928 3303 1067 3391; x_wconf 91' lang='lat' dir='ltr'><strong>quando</strong></span> <span class='ocrx_word' id='word_1_304' title='bbox 1093 3301 1272 3368; x_wconf 89' lang='lat' dir='ltr'><strong>habebunt</strong></span> <span class='ocrx_word' id='word_1_305' title='bbox 1293 3307 1326 3366; x_wconf 88' lang='lat' dir='ltr'><strong>et</strong></span> <span class='ocrx_word' id='word_1_306' title='bbox 1350 3299 1416 3389; x_wconf 91' lang='lat' dir='ltr'><strong>ipsi</strong></span> <span class='ocrx_word' id='word_1_307' title='bbox 1442 3301 1490 3365; x_wconf 89' lang='lat' dir='ltr'><strong>fa-</strong></span> 
     </span>
     <span class='ocr_line' id='line_1_30' title="bbox 170 3406 1489 3499; baseline -0.001 -26"><span class='ocrx_word' id='word_1_308' title='bbox 170 3429 303 3474; x_wconf 92' lang='lat' dir='ltr'><strong>mosum</strong></span> <span class='ocrx_word' id='word_1_309' title='bbox 328 3430 442 3474; x_wconf 89' lang='lat' dir='ltr'><strong>secum</strong></span> <span class='ocrx_word' id='word_1_310' title='bbox 469 3410 675 3499; x_wconf 87' lang='lat' dir='ltr'><strong>prophetam</strong></span> <span class='ocrx_word' id='word_1_311' title='bbox 700 3416 749 3493; x_wconf 90' lang='lat' dir='ltr'><strong>et,</strong></span> <span class='ocrx_word' id='word_1_312' title='bbox 772 3410 865 3499; x_wconf 94' lang='lat' dir='ltr'><strong>quod</strong></span> <span class='ocrx_word' id='word_1_313' title='bbox 888 3414 1063 3476; x_wconf 86' lang='lat' dir='ltr'><strong>contextus</strong></span> <span class='ocrx_word' id='word_1_314' title='bbox 1085 3408 1256 3495; x_wconf 81' lang='lat' dir='ltr'><strong>suggerit,</strong></span> <span class='ocrx_word' id='word_1_315' title='bbox 1274 3406 1413 3495; x_wconf 89' lang='lat' dir='ltr'><strong>quando</strong></span> <span class='ocrx_word' id='word_1_316' title='bbox 1428 3407 1489 3472; x_wconf 89' lang='lat' dir='ltr'><strong>ha-</strong></span> 
     </span>
     <span class='ocr_line' id='line_1_31' title="bbox 170 3512 1489 3607; baseline -0.001 -28"><span class='ocrx_word' id='word_1_317' title='bbox 170 3514 308 3580; x_wconf 90' lang='lat' dir='ltr'><strong>buerint</strong></span> <span class='ocrx_word' id='word_1_318' title='bbox 321 3515 533 3583; x_wconf 79' lang='lat' dir='ltr'><strong>Ammonitas</strong></span> <span class='ocrx_word' id='word_1_319' title='bbox 550 3515 634 3582; x_wconf 90' lang='lat' dir='ltr'><strong>belli</strong></span> <span class='ocrx_word' id='word_1_320' title='bbox 651 3518 769 3583; x_wconf 90' lang='lat' dir='ltr'><strong>socios.</strong></span> <span class='ocrx_word' id='word_1_321' title='bbox 787 3521 844 3583; x_wconf 92' lang='lat' dir='ltr'><strong>Sat</strong></span> <span class='ocrx_word' id='word_1_322' title='bbox 859 3517 1011 3607; x_wconf 88' lang='lat' dir='ltr'><strong>prudens</strong></span> <span class='ocrx_word' id='word_1_323' title='bbox 1028 3521 1078 3582; x_wconf 91' lang='lat' dir='ltr'><strong>est</strong></span> <span class='ocrx_word' id='word_1_324' title='bbox 1092 3516 1194 3582; x_wconf 91' lang='lat' dir='ltr'><strong>Balac</strong></span> <span class='ocrx_word' id='word_1_325' title='bbox 1214 3515 1250 3580; x_wconf 91' lang='lat' dir='ltr'><strong>in</strong></span> <span class='ocrx_word' id='word_1_326' title='bbox 1266 3512 1489 3600; x_wconf 84' lang='lat' dir='ltr'><strong>generatione</strong></span> 
     </span>
     <span class='ocr_line' id='line_1_32' title="bbox 168 3621 1489 3712; baseline -0.002 -26"><span class='ocrx_word' id='word_1_327' title='bbox 168 3641 241 3687; x_wconf 92' lang='lat' dir='ltr'><strong>sua.</strong></span> <span class='ocrx_word' id='word_1_328' title='bbox 264 3621 401 3688; x_wconf 91' lang='lat' dir='ltr'><strong>Multum</strong></span> <span class='ocrx_word' id='word_1_329' title='bbox 421 3621 573 3689; x_wconf 88' lang='lat' dir='ltr'><strong>fidebant</strong></span> <span class='ocrx_word' id='word_1_330' title='bbox 592 3623 624 3690; x_wconf 88' lang='lat' dir='ltr'><strong>ei</strong></span> <span class='ocrx_word' id='word_1_331' title='bbox 640 3622 1013 3712; x_wconf 14' lang='lat' dir='ltr'><strong>prophetaegMoabitae</strong></span> <span class='ocrx_word' id='word_1_332' title='bbox 1033 3645 1040 3688; x_wconf 92' lang='lat'><strong>:</strong></span> <span class='ocrx_word' id='word_1_333' title='bbox 1061 3646 1104 3689; x_wconf 92' lang='lat' dir='ltr'><strong>an</strong></span> <span class='ocrx_word' id='word_1_334' title='bbox 1125 3621 1153 3688; x_wconf 91' lang='lat' dir='ltr'><strong>is</strong></span> <span class='ocrx_word' id='word_1_335' title='bbox 1167 3622 1255 3687; x_wconf 88' lang='lat' dir='ltr'><strong>forte</strong></span> <span class='ocrx_word' id='word_1_336' title='bbox 1270 3621 1489 3688; x_wconf 84' lang='lat' dir='ltr'><strong>maledixerat</strong></span> 
     </span>
     <span class='ocr_line' id='line_1_33' title="bbox 170 3726 1488 3813; baseline -0.001 -21"><span class='ocrx_word' id='word_1_337' title='bbox 170 3728 273 3793; x_wconf 88' lang='lat' dir='ltr'><strong>etiam</strong></span> <span class='ocrx_word' id='word_1_338' title='bbox 289 3729 364 3813; x_wconf 90' lang='lat' dir='ltr'><strong>regi</strong></span> <span class='ocrx_word' id='word_1_339' title='bbox 384 3728 515 3812; x_wconf 89' lang='lat' dir='ltr'><strong>Sehon,</strong></span> <span class='ocrx_word' id='word_1_340' title='bbox 534 3735 571 3795; x_wconf 91' lang='lat' dir='ltr'><strong>ut</strong></span> <span class='ocrx_word' id='word_1_341' title='bbox 595 3729 737 3796; x_wconf 86' lang='lat' dir='ltr'><strong>Schonis</strong></span> <span class='ocrx_word' id='word_1_342' title='bbox 753 3730 887 3796; x_wconf 87' lang='lat' dir='ltr'><strong>cladem</strong></span> <span class='ocrx_word' id='word_1_343' title='bbox 908 3731 980 3796; x_wconf 87' lang='lat' dir='ltr'><strong>eius</strong></span> <span class='ocrx_word' id='word_1_344' title='bbox 999 3728 1235 3796; x_wconf 90' lang='lat' dir='ltr'><strong>maledictioni</strong></span> <span class='ocrx_word' id='word_1_345' title='bbox 1253 3729 1409 3794; x_wconf 86' lang='lat' dir='ltr'><strong>effectam</strong></span> <span class='ocrx_word' id='word_1_346' title='bbox 1428 3726 1488 3792; x_wconf 93' lang='lat' dir='ltr'><strong>ad-</strong></span> 
     </span>
     <span class='ocr_line' id='line_1_34' title="bbox 169 3833 1487 3917; baseline -0.002 -17"><span class='ocrx_word' id='word_1_347' title='bbox 169 3833 379 3902; x_wconf 81' lang='lat' dir='ltr'><strong>scriberent?</strong></span> <span class='ocrx_word' id='word_1_348' title='bbox 399 3838 575 3917; x_wconf 88' lang='lat' dir='ltr'><strong>Ceterum,</strong></span> <span class='ocrx_word' id='word_1_349' title='bbox 598 3858 675 3902; x_wconf 92' lang='lat' dir='ltr'><strong>cum</strong></span> <span class='ocrx_word' id='word_1_350' title='bbox 697 3837 895 3904; x_wconf 87' lang='lat' dir='ltr'><strong>Balaamum</strong></span> <span class='ocrx_word' id='word_1_351' title='bbox 918 3837 1132 3903; x_wconf 88' lang='lat' dir='ltr'><strong>accersiverit</strong></span> <span class='ocrx_word' id='word_1_352' title='bbox 1150 3835 1250 3902; x_wconf 85' lang='lat' dir='ltr'><strong>Balac</strong></span> <span class='ocrx_word' id='word_1_353' title='bbox 1270 3858 1310 3901; x_wconf 89' lang='lat' dir='ltr'><strong>eo</strong></span> <span class='ocrx_word' id='word_1_354' title='bbox 1332 3834 1487 3906; x_wconf 84' lang='lat' dir='ltr'><strong>consilio,</strong></span> 
     </span>
     <span class='ocr_line' id='line_1_35' title="bbox 168 3939 1487 4028; baseline -0.002 -23"><span class='ocrx_word' id='word_1_355' title='bbox 168 3943 206 4005; x_wconf 91' lang='lat' dir='ltr'><strong>ut</strong></span> <span class='ocrx_word' id='word_1_356' title='bbox 231 3946 349 4028; x_wconf 91' lang='lat' dir='ltr'><strong>postea</strong></span> <span class='ocrx_word' id='word_1_357' title='bbox 367 3939 460 4006; x_wconf 91' lang='lat' dir='ltr'><strong>bello</strong></span> <span class='ocrx_word' id='word_1_358' title='bbox 485 3941 682 4010; x_wconf 87' lang='lat' dir='ltr'><strong>adoriretur</strong></span> <span class='ocrx_word' id='word_1_359' title='bbox 701 3944 885 4022; x_wconf 79' lang='lat' dir='ltr'><strong>HebraeoS,</strong></span> <span class='ocrx_word' id='word_1_360' title='bbox 904 3948 938 4008; x_wconf 93' lang='lat' dir='ltr'><strong>et</strong></span> <span class='ocrx_word' id='word_1_361' title='bbox 958 3965 1035 4009; x_wconf 91' lang='lat' dir='ltr'><strong>cum</strong></span> <span class='ocrx_word' id='word_1_362' title='bbox 1051 3943 1214 4009; x_wconf 86' lang='lat' dir='ltr'><strong>Moabitae</strong></span> <span class='ocrx_word' id='word_1_363' title='bbox 1230 3943 1370 4007; x_wconf 88' lang='lat' dir='ltr'><strong>lortasse</strong></span> <span class='ocrx_word' id='word_1_364' title='bbox 1389 3944 1487 4004; x_wconf 88' lang='lat' dir='ltr'><strong>Num.</strong></span> 
     </span>
     <span class='ocr_line' id='line_1_36' title="bbox 169 4044 1491 4131; baseline -0.002 -20"><span class='ocrx_word' id='word_1_365' title='bbox 169 4053 208 4112; x_wconf 87' lang='lat'><strong>31</strong></span> <span class='ocrx_word' id='word_1_366' title='bbox 232 4047 314 4112; x_wconf 90' lang='lat' dir='ltr'><strong>socii</strong></span> <span class='ocrx_word' id='word_1_367' title='bbox 332 4047 461 4113; x_wconf 90' lang='lat' dir='ltr'><strong>fuerint</strong></span> <span class='ocrx_word' id='word_1_368' title='bbox 483 4048 746 4116; x_wconf 89' lang='lat' dir='ltr'><strong>Madianitarum</strong></span> <span class='ocrx_word' id='word_1_369' title='bbox 768 4072 827 4117; x_wconf 88' lang='lat' dir='ltr'><strong>seu</strong></span> <span class='ocrx_word' id='word_1_370' title='bbox 847 4051 1137 4131; x_wconf 76' lang='lat' dir='ltr'><strong>ammonitarum,</strong></span> <span class='ocrx_word' id='word_1_371' title='bbox 1154 4049 1236 4114; x_wconf 89' lang='lat' dir='ltr'><strong>hinc</strong></span> <span class='ocrx_word' id='word_1_372' title='bbox 1258 4053 1319 4114; x_wconf 93' lang='lat' dir='ltr'><strong>los.</strong></span> <span class='ocrx_word' id='word_1_373' title='bbox 1345 4052 1423 4127; x_wconf 54' lang='lat' dir='ltr'><strong>liti</strong></span> <span class='ocrx_word' id='word_1_374' title='bbox 1441 4044 1491 4110; x_wconf 81' lang='lat' dir='ltr'><strong>ai-</strong></span> 
     </span>
     <span class='ocr_line' id='line_1_37' title="bbox 169 4151 1378 4242; baseline 0.001 -26"><span class='ocrx_word' id='word_1_375' title='bbox 169 4151 258 4217; x_wconf 90' lang='lat' dir='ltr'><strong>citur</strong></span> <span class='ocrx_word' id='word_1_376' title='bbox 272 4153 371 4219; x_wconf 89' lang='lat' dir='ltr'><strong>Balac</strong></span> <span class='ocrx_word' id='word_1_377' title='bbox 386 4176 557 4242; x_wconf 87' lang='lat' dir='ltr'><strong>pugnasse</strong></span> <span class='ocrx_word' id='word_1_378' title='bbox 573 4161 691 4222; x_wconf 91' lang='lat' dir='ltr'><strong>contra</strong></span> <span class='ocrx_word' id='word_1_379' title='bbox 710 4157 869 4224; x_wconf 89' lang='lat' dir='ltr'><strong>lsraelem</strong></span> <span class='ocrx_word' id='word_1_380' title='bbox 885 4163 921 4223; x_wconf 90' lang='lat' dir='ltr'><strong>et</strong></span> <span class='ocrx_word' id='word_1_381' title='bbox 938 4155 1149 4223; x_wconf 91' lang='lat' dir='ltr'><strong>arcessivisse</strong></span> <span class='ocrx_word' id='word_1_382' title='bbox 1167 4153 1378 4220; x_wconf 91' lang='lat' dir='ltr'><strong>Balaamum.</strong></span> 
     </span>
    </p>
   </div>
   <div class='ocr_carea' id='block_1_4' title="bbox 168 4355 1491 4530">
    <p class='ocr_par' dir='ltr' id='par_1_6' title="bbox 168 4355 1491 4530">
     <span class='ocr_line' id='line_1_38' title="bbox 204 4355 1491 4439; baseline -0.012 -7"><span class='ocrx_word' id='word_1_383' title='bbox 204 4369 313 4421; x_wconf 70' lang='lat' dir='ltr'>NOmess</span> <span class='ocrx_word' id='word_1_384' title='bbox 325 4355 406 4433; x_wconf 72' lang='lat' dir='ltr'><strong>nub:</strong></span> <span class='ocrx_word' id='word_1_385' title='bbox 419 4369 538 4425; x_wconf 86' lang='lat' dir='ltr'><strong>tortasse</strong></span> <span class='ocrx_word' id='word_1_386' title='bbox 553 4381 595 4425; x_wconf 87' lang='lat' dir='ltr'><strong>eat</strong></span> <span class='ocrx_word' id='word_1_387' title='bbox 610 4376 700 4439; x_wconf 85' lang='lat' dir='ltr'><strong>ipsum</strong></span> <span class='ocrx_word' id='word_1_388' title='bbox 711 4387 813 4424; x_wconf 88' lang='lat' dir='ltr'><strong>nomen</strong></span> <span class='ocrx_word' id='word_1_389' title='bbox 826 4355 883 4432; x_wconf 58' lang='lat' dir='ltr'><strong>ab:</strong></span> <span class='ocrx_word' id='word_1_390' title='bbox 896 4372 977 4438; x_wconf 84' lang='lat' dir='ltr'><strong>(Gen.</strong></span> <span class='ocrx_word' id='word_1_391' title='bbox 990 4371 1085 4433; x_wconf 79' lang='lat'><strong>36,32;</strong></span> <span class='ocrx_word' id='word_1_392' title='bbox 1100 4370 1198 4432; x_wconf 53' lang='lat' dir='ltr'><strong>iata·</strong></span> <span class='ocrx_word' id='word_1_393' title='bbox 1216 4369 1225 4421; x_wconf 89' lang='lat' dir='ltr'><strong>l</strong></span> <span class='ocrx_word' id='word_1_394' title='bbox 1243 4369 1305 4418; x_wconf 84' lang='lat' dir='ltr'><strong>Par.</strong></span> <span class='ocrx_word' id='word_1_395' title='bbox 1324 4365 1377 4433; x_wconf 77' lang='lat'><strong>5,8)</strong></span> <span class='ocrx_word' id='word_1_396' title='bbox 1396 4367 1491 4417; x_wconf 84' lang='lat' dir='ltr'><strong>addito</strong></span> 
     </span>
     <span class='ocr_line' id='line_1_39' title="bbox 168 4445 1486 4530; baseline -0.014 -11"><span class='ocrx_word' id='word_1_397' title='bbox 168 4460 253 4511; x_wconf 67' lang='lat' dir='ltr'><strong>affixo</strong></span> <span class='ocrx_word' id='word_1_398' title='bbox 268 4470 319 4518; x_wconf 77' lang='grc' dir='ltr'><strong>ΕΓ.</strong></span> <span class='ocrx_word' id='word_1_399' title='bbox 339 4464 393 4516; x_wconf 86' lang='lat' dir='ltr'><strong>Sed</strong></span> <span class='ocrx_word' id='word_1_400' title='bbox 408 4466 499 4530; x_wconf 89' lang='lat' dir='ltr'><strong>potuit</strong></span> <span class='ocrx_word' id='word_1_401' title='bbox 513 4465 582 4515; x_wconf 91' lang='lat' dir='ltr'><strong>illud</strong></span> <span class='ocrx_word' id='word_1_402' title='bbox 597 4466 683 4515; x_wconf 87' lang='lat' dir='ltr'><strong>etiam</strong></span> <span class='ocrx_word' id='word_1_403' title='bbox 697 4464 855 4514; x_wconf 81' lang='lat' dir='ltr'><strong>coalescere</strong></span> <span class='ocrx_word' id='word_1_404' title='bbox 870 4477 904 4513; x_wconf 87' lang='lat' dir='ltr'><strong>ex</strong></span> <span class='ocrx_word' id='word_1_405' title='bbox 916 4445 974 4522; x_wconf 64' lang='lat' dir='ltr'><strong>bin</strong></span> <span class='ocrx_word' id='word_1_406' title='bbox 986 4464 1014 4513; x_wconf 91' lang='lat' dir='ltr'><strong>et</strong></span> <span class='ocrx_word' id='word_1_407' title='bbox 1030 4467 1082 4522; x_wconf 66' lang='lat' dir='ltr'><strong>nit,</strong></span> <span class='ocrx_word' id='word_1_408' title='bbox 1100 4477 1110 4507; x_wconf 82' lang='grc' dir='ltr'>ι</span> <span class='ocrx_word' id='word_1_409' title='bbox 1127 4461 1195 4509; x_wconf 86' lang='lat' dir='ltr'><strong>Baal</strong></span> <span class='ocrx_word' id='word_1_410' title='bbox 1210 4458 1270 4526; x_wconf 81' lang='lat' dir='ltr'><strong>(est)</strong></span> <span class='ocrx_word' id='word_1_411' title='bbox 1285 4459 1458 4522; x_wconf 88' lang='lat' dir='ltr'><strong>propinquus</strong></span> <span class='ocrx_word' id='word_1_412' title='bbox 1476 4471 1486 4501; x_wconf 74' lang='lat' dir='ltr'><strong>s</strong></span> 
     </span>
    </p>
   </div>
   <div class='ocr_carea' id='block_1_5' title="bbox 167 4518 1655 4793">
    <p class='ocr_par' dir='ltr' id='par_1_7' title="bbox 167 4518 1655 4793">
     <span class='ocr_line' id='line_1_40' title="bbox 167 4518 1655 4621; baseline -0.011 -14"><span class='ocrx_word' id='word_1_413' title='bbox 167 4548 214 4615; x_wconf 72' lang='lat' dir='ltr'><strong>(cl.</strong></span> <span class='ocrx_word' id='word_1_414' title='bbox 232 4532 328 4610; x_wconf 72' lang='lat' dir='ltr'><strong>utba</strong></span> <span class='ocrx_word' id='word_1_415' title='bbox 343 4554 358 4604; x_wconf 73' lang='grc'>2</span> <span class='ocrx_word' id='word_1_416' title='bbox 375 4555 444 4618; x_wconf 79' lang='lat' dir='ltr'><strong>Meg.</strong></span> <span class='ocrx_word' id='word_1_417' title='bbox 466 4554 540 4615; x_wconf 86' lang='lat'><strong>11,3;</strong></span> <span class='ocrx_word' id='word_1_418' title='bbox 558 4552 660 4618; x_wconf 62' lang='lat' dir='ltr'><strong>aial).</strong></span> <span class='ocrx_word' id='word_1_419' title='bbox 676 4553 775 4616; x_wconf 87' lang='lat' dir='ltr'><strong>Neque</strong></span> <span class='ocrx_word' id='word_1_420' title='bbox 796 4566 831 4603; x_wconf 88' lang='lat' dir='ltr'><strong>ex</strong></span> <span class='ocrx_word' id='word_1_421' title='bbox 850 4566 884 4602; x_wconf 88' lang='lat' dir='ltr'><strong>ea</strong></span> <span class='ocrx_word' id='word_1_422' title='bbox 904 4552 1078 4602; x_wconf 82' lang='lat' dir='ltr'><strong>derivatione</strong></span> <span class='ocrx_word' id='word_1_423' title='bbox 1093 4550 1215 4599; x_wconf 90' lang='lat' dir='ltr'><strong>nominis</strong></span> <span class='ocrx_word' id='word_1_424' title='bbox 1227 4548 1354 4611; x_wconf 87' lang='lat' dir='ltr'><strong>sequitur</strong></span> <span class='ocrx_word' id='word_1_425' title='bbox 1370 4547 1486 4595; x_wconf 84' lang='lat' dir='ltr'><strong>Balaam</strong></span> <span class='ocrx_word' id='word_1_426' title='bbox 1574 4522 1623 4609; x_wconf 46' lang='grc' dir='ltr'><strong>Ι·,-’“</strong></span> <span class='ocrx_word' id='word_1_427' title='bbox 1640 4518 1655 4527; x_wconf 27' lang='lat'><strong>⁴*</strong></span> 
     </span>
     <span class='ocr_line' id='line_1_41' title="bbox 167 4627 1626 4705; baseline -0.005 -17"><span class='ocrx_word' id='word_1_428' title='bbox 167 4637 252 4691; x_wconf 84' lang='lat' dir='ltr'><strong>luisse</strong></span> <span class='ocrx_word' id='word_1_429' title='bbox 270 4642 418 4693; x_wconf 87' lang='lat' dir='ltr'><strong>idololatra</strong></span> <span class='ocrx_word' id='word_1_430' title='bbox 434 4657 439 4692; x_wconf 93' lang='lat'>:</span> <span class='ocrx_word' id='word_1_431' title='bbox 457 4655 522 4692; x_wconf 91' lang='lat' dir='ltr'><strong>nam</strong></span> <span class='ocrx_word' id='word_1_432' title='bbox 535 4643 603 4692; x_wconf 90' lang='lat' dir='ltr'><strong>Baal</strong></span> <span class='ocrx_word' id='word_1_433' title='bbox 619 4643 747 4704; x_wconf 87' lang='lat' dir='ltr'><strong>primitus</strong></span> <span class='ocrx_word' id='word_1_434' title='bbox 762 4645 825 4691; x_wconf 90' lang='lat' dir='ltr'><strong>erat</strong></span> <span class='ocrx_word' id='word_1_435' title='bbox 841 4642 992 4705; x_wconf 88' lang='lat' dir='ltr'><strong>appellatio</strong></span> <span class='ocrx_word' id='word_1_436' title='bbox 1006 4641 1067 4690; x_wconf 82' lang='lat' dir='ltr'><strong>veri</strong></span> <span class='ocrx_word' id='word_1_437' title='bbox 1081 4639 1146 4699; x_wconf 86' lang='lat' dir='ltr'><strong>Dei,</strong></span> <span class='ocrx_word' id='word_1_438' title='bbox 1164 4644 1191 4688; x_wconf 86' lang='lat' dir='ltr'><strong>ei</strong></span> <span class='ocrx_word' id='word_1_439' title='bbox 1207 4636 1315 4686; x_wconf 84' lang='lat' dir='ltr'><strong>Baalim</strong></span> <span class='ocrx_word' id='word_1_440' title='bbox 1328 4639 1407 4684; x_wconf 89' lang='lat' dir='ltr'><strong>erant</strong></span> <span class='ocrx_word' id='word_1_441' title='bbox 1428 4635 1488 4683; x_wconf 89' lang='lat' dir='ltr'><strong>eius</strong></span> <span class='ocrx_word' id='word_1_442' title='bbox 1581 4627 1626 4680; x_wconf 51' lang='grc' dir='ltr'><strong>,“ι</strong></span> 
     </span>
     <span class='ocr_line' id='line_1_42' title="bbox 167 4702 1633 4793; baseline -0.003 -16"><span class='ocrx_word' id='word_1_443' title='bbox 167 4730 245 4780; x_wconf 86' lang='lat' dir='ltr'><strong>varta</strong></span> <span class='ocrx_word' id='word_1_444' title='bbox 266 4732 424 4783; x_wconf 87' lang='lat' dir='ltr'><strong>simulacra.</strong></span> <span class='ocrx_word' id='word_1_445' title='bbox 442 4733 622 4783; x_wconf 87' lang='lat' dir='ltr'><strong>Contraxisse</strong></span> <span class='ocrx_word' id='word_1_446' title='bbox 639 4730 786 4781; x_wconf 87' lang='lat' dir='ltr'><strong>Hebraeos</strong></span> <span class='ocrx_word' id='word_1_447' title='bbox 805 4731 834 4779; x_wconf 95' lang='lat' dir='ltr'><strong>ln</strong></span> <span class='ocrx_word' id='word_1_448' title='bbox 859 4729 1019 4780; x_wconf 90' lang='lat' dir='ltr'><strong>nominibus</strong></span> <span class='ocrx_word' id='word_1_449' title='bbox 1038 4729 1159 4793; x_wconf 86' lang='lat' dir='ltr'><strong>propriis</strong></span> <span class='ocrx_word' id='word_1_450' title='bbox 1177 4738 1281 4776; x_wconf 88' lang='lat' dir='ltr'><strong>nomen</strong></span> <span class='ocrx_word' id='word_1_451' title='bbox 1303 4704 1362 4781; x_wconf 69' lang='lat' dir='ltr'><strong>br:</strong></span> <span class='ocrx_word' id='word_1_452' title='bbox 1386 4729 1415 4776; x_wconf 91' lang='lat' dir='ltr'><strong>in</strong></span> <span class='ocrx_word' id='word_1_453' title='bbox 1436 4708 1487 4788; x_wconf 64' lang='lat' dir='ltr'><strong>liz,</strong></span> <span class='ocrx_word' id='word_1_454' title='bbox 1584 4702 1597 4726; x_wconf 53' lang='lat'><strong>‘⁴</strong></span> <span class='ocrx_word' id='word_1_455' title='bbox 1613 4706 1633 4793; x_wconf 68' lang='lat' dir='ltr'><strong>f¹</strong></span> 
     </span>
    </p>
   </div>
   <div class='ocr_carea' id='block_1_6' title="bbox 168 4797 1490 4879">
    <p class='ocr_par' dir='ltr' id='par_1_8' title="bbox 168 4780 1645 4902">
     <span class='ocr_line' id='line_1_43' title="bbox 168 4797 1490 4879; baseline 0.006 -11"><span class='ocrx_word' id='word_1_456' title='bbox 168 4816 243 4870; x_wconf 85' lang='lat' dir='ltr'><strong>disce</strong></span> <span class='ocrx_word' id='word_1_457' title='bbox 258 4833 273 4870; x_wconf 90' lang='lat' dir='ltr'><strong>e</strong></span> <span class='ocrx_word' id='word_1_458' title='bbox 288 4822 397 4873; x_wconf 86' lang='lat' dir='ltr'><strong>collatis</strong></span> <span class='ocrx_word' id='word_1_459' title='bbox 412 4824 486 4872; x_wconf 85' lang='lat' dir='ltr'><strong>inter</strong></span> <span class='ocrx_word' id='word_1_460' title='bbox 500 4834 530 4872; x_wconf 85' lang='lat' dir='ltr'><strong>ac</strong></span> <span class='ocrx_word' id='word_1_461' title='bbox 544 4800 633 4877; x_wconf 67' lang='lat' dir='ltr'><strong>baua</strong></span> <span class='ocrx_word' id='word_1_462' title='bbox 648 4820 718 4870; x_wconf 83' lang='lat' dir='ltr'><strong>Gen·</strong></span> <span class='ocrx_word' id='word_1_463' title='bbox 735 4818 811 4879; x_wconf 54' lang='lat'><strong>4631</strong></span> <span class='ocrx_word' id='word_1_464' title='bbox 833 4823 860 4869; x_wconf 85' lang='lat' dir='ltr'><strong>et</strong></span> <span class='ocrx_word' id='word_1_465' title='bbox 879 4798 987 4876; x_wconf 65' lang='lat' dir='ltr'><strong>busita</strong></span> <span class='ocrx_word' id='word_1_466' title='bbox 1005 4817 1015 4867; x_wconf 83' lang='lat'><strong>¹</strong></span> <span class='ocrx_word' id='word_1_467' title='bbox 1034 4818 1097 4867; x_wconf 67' lang='lat' dir='ltr'><strong>Pal·</strong></span> <span class='ocrx_word' id='word_1_468' title='bbox 1116 4815 1188 4879; x_wconf 85' lang='grc'>8,33;</span> <span class='ocrx_word' id='word_1_469' title='bbox 1205 4797 1283 4872; x_wconf 68' lang='lat' dir='ltr'><strong>trba</strong></span> <span class='ocrx_word' id='word_1_470' title='bbox 1305 4819 1363 4870; x_wconf 88' lang='lat' dir='ltr'><strong>Iob.</strong></span> <span class='ocrx_word' id='word_1_471' title='bbox 1383 4819 1444 4879; x_wconf 66' lang='lat' dir='ltr'><strong>ait</strong></span> <span class='ocrx_word' id='word_1_472' title='bbox 1460 4819 1490 4869; x_wconf 89' lang='lat' dir='ltr'><strong>et</strong></span> 
     </span>
    </p>
   </div>
   <div class='ocr_carea' id='block_1_7' title="bbox 0 0 1780 5424">
    <p class='ocr_par' dir='ltr' id='par_1_9' title="bbox 0 0 1780 5424">
     <span class='ocr_line' id='line_1_44' title="bbox 0 0 1780 5424; baseline 0 0"><span class='ocrx_word' id='word_1_473' title='bbox 0 0 1780 5424; x_wconf 95' lang='lat' dir='ltr'><strong> </strong></span> 
     </span>
    </p>
   </div>
  </div>
 </body>
</html>
