3522 5410
648 1277 996 1366 INTRODUCTIO

201 2113 355 2178 Narratio
374 2111 456 2178 libri
470 2116 590 2194 Num,
611 2112 661 2180 uti
683 2111 745 2179 illa
763 2093 943 2194 Geneseos,
966 2117 1023 2180 Ex.
1046 2119 1079 2179 et
1094 2117 1186 2196 Lea,
1205 2112 1326 2180 ordine
1345 2118 1478 2202 tempo-

156 2239 233 2284 rum
250 2225 282 2284 et
293 2218 449 2284 locorum
462 2241 524 2307 per
544 2220 707 2284 stationes
722 2219 952 2307 progreditur.
971 2223 1119 2296 Quarum
1139 2218 1276 2308 aliquae
1290 2219 1473 2308 plurimos.

157 2323 311 2413 reliquae
325 2345 451 2413 paucos
466 2324 597 2390 habent
615 2329 768 2404 eventus;
786 2325 822 2390 in
840 2324 910 2391 illis
926 2325 1076 2414 populus
1089 2325 1217 2392 diutius
1232 2330 1474 2408 commoratur,

156 2431 217 2496 has
236 2427 358 2497 lestino
379 2429 485 2496 veluti
505 2453 623 2517 gressu
645 2433 840 2520 pertransit.
863 2431 1048 2518 Longiores
1065 2432 1352 2498 commorationes
1367 2433 1476 2497 iactae

155 2541 233 2603 sunt
253 2537 296 2604 ad
319 2542 471 2604 montem
491 2537 602 2620 Sinai,
620 2537 657 2603 in
680 2537 785 2605 Gades
804 2543 948 2620 Barnea,
965 2560 1075 2628 prope
1095 2539 1287 2605 Iordanem.
1303 2537 1476 2604 Narratio-

155 2665 233 2710 nem
251 2665 312 2710 nos
325 2644 433 2736 igitur
447 2644 500 2710 his
519 2644 689 2734 capitibus
704 2643 988 2733 complectimur:
1003 2651 1077 2711 acta
1097 2645 1254 2712 sinaitica
1269 2644 1473 2734 posteriora,

156 2755 231 2816 acta
252 2771 272 2816 a
290 2749 383 2816 Sinai
403 2751 565 2817 cadesam
590 2773 713 2840 usque,
740 2750 961 2818 commoratio
982 2753 1018 2817 in
1041 2751 1161 2832 Gades,
1186 2757 1263 2818 acta
1285 2751 1412 2817 Cadesa
1432 2750 1476 2816 ad

156 2855 350 2923 Iordanem.

200 2962 402 3029 Dicebamus
429 2965 514 3029 CEL
535 2987 569 3053 p.
601 2971 617 3029 1
644 2963 845 3030 continuam
877 2983 948 3030 esse
976 2965 1209 3030 narrationem
1235 2969 1292 3030 Ex.
1318 2969 1350 3030 et
1374 2969 1472 3042 Lev.,

154 3090 230 3136 cum
247 3090 421 3135 sacrorum
441 3069 681 3136 aaronicorum
696 3069 863 3136 institutio
878 3071 922 3136 ab
937 3075 991 3136 Ex.
1011 3076 1052 3138 bt
1069 3071 1113 3137 ad
1128 3075 1205 3137 Lev.
1225 3077 1265 3137 10
1282 3070 1469 3158 pertingat;

154 3175 340 3242 Leviticum
353 3197 436 3259 vero
446 3180 584 3244 eatenus
599 3198 669 3243 essa
684 3177 909 3265 completum,
925 3181 1093 3266 quatenus
1105 3176 1150 3242 ad
1162 3177 1235 3242 eius
1252 3197 1357 3266 usque
1369 3175 1472 3240 finem

155 3281 335 3350 continuae
355 3280 549 3348 habeantur
568 3283 678 3368 legem
696 3303 781 3372 quas
804 3287 902 3350 Num.
928 3287 986 3349 1-t
1010 3283 1181 3372 excipiant
1201 3282 1320 3372 populi
1340 3303 1470 3348 census,

156 3392 283 3486 Tamen
300 3409 412 3476 neque
431 3389 522 3454 inter
542 3392 618 3456 Lev.
647 3394 681 3456 et
697 3393 795 3454 Num.
818 3388 965 3456 habetur
991 3388 1194 3456 narrationis
1215 3389 1335 3455 ditisio
1350 3388 1471 3466 maior,

155 3515 230 3560 curn
251 3500 326 3561 aeta
344 3493 499 3562 sinaitica
514 3495 549 3559 in
564 3493 676 3561 Exodo
690 3500 811 3584 coepta
821 3494 857 3560 iu
872 3494 963 3561 libro
973 3501 1071 3563 Num.
1088 3495 1226 3562 tandem
1240 3495 1472 3572 absolvantur,

153 3621 329 3668 sacrorum
352 3600 601 3668 ordinationem
621 3601 813 3670 necessario
837 3601 982 3690 excipiat
1004 3607 1193 3669 castrorum
1214 3601 1396 3667 ordinatio.
1415 3600 1473 3666 llic

153 3707 254 3773 etiam
267 3707 433 3775 librorum
449 3706 569 3774 divisio
581 3707 695 3798 potius
709 3729 727 3774 c
740 3708 872 3774 ratione
887 3708 1028 3775 fortuita
1042 3713 1074 3774 et
1089 3707 1262 3797 scriptoris
1276 3705 1469 3786 commodo,

154 3835 257 3902 quam
274 3835 424 3880 ererum
442 3813 692 3881 narrandarum
713 3814 938 3881 affinitatibus
955 3816 1147 3903 petebatur.
1166 3813 1258 3880 Libri
1273 3835 1354 3880 vere
1370 3819 1468 3880 Num.

153 3924 303 3986 extrema
326 3927 405 3989 sunt
423 3921 657 4011 incompleta:
679 3926 751 3986 tota
777 3921 905 4010 quippe
928 3919 1009 3988 inde
1036 3927 1171 3988 aNum.
1200 3927 1242 3987 20
1255 3919 1408 3986 narratio
1428 3919 1470 3986 ad

154 4025 271 4112 Moysis
291 4034 436 4094 mortem
456 4028 630 4116 dirigitur,
654 4027 750 4094 illam
770 4026 877 4114 exigit
896 4033 1074 4116 tamquam
1093 4027 1201 4094 divini
1222 4033 1324 4110 nala
1344 4025 1472 4092 decreti

153 4131 400 4220 impletionem.
424 4139 622 4212 Quaemors
638 4138 788 4200 extremo
802 4133 941 4200 tandem
958 4139 1055 4201 Dent.
1072 4141 1243 4201 narratur.

198 4242 253 4305 nst
265 4237 356 4304 enim
371 4239 456 4306 mira
470 4263 540 4306 rena
554 4262 665 4329 neque
677 4240 750 4306 sine
765 4245 838 4308 arte
854 4240 1017 4331 disposita
1031 4240 1192 4308 historica
1205 4239 1355 4306 narratio
1369 4238 1473 4304 libro-

154 4367 229 4412 rum
245 4349 319 4426 Ex,
336 4350 427 4429 Lev.,
447 4350 544 4413 Num.

196 4457 260 4519 Per
280 4451 379 4519 exodi
403 4457 561 4540 portenta
580 4453 769 4521 deduxerat
797 4455 899 4521 labve
924 4453 1093 4542 populum
1117 4453 1161 4520 ad
1183 4463 1335 4519 montem
1358 4451 1468 4532 Sinai,

153 4558 321 4648 populum
340 4557 447 4626 durae
463 4559 601 4626 cervicis
618 4567 651 4627 et
664 4560 895 4628 incircumcisi
912 4559 1035 4627 cordis.
1054 4559 1154 4626 Cuius
1168 4580 1362 4632 murmura,
1383 4579 1470 4647 quac

152 4664 189 4730 iu
201 4670 354 4756 Aegypto
370 4663 653 4748 exaudiebantur,
674 4673 752 4756 post
765 4667 947 4734 traiectum
967 4670 1052 4734 llere
1069 4666 1221 4733 Rubrum
1237 4665 1468 4732 increbruere.

153 4769 370 4839 llovebantur
386 4773 545 4840 homines
565 4793 643 4839 cum
662 4773 829 4840 memoria
851 4795 987 4853 eorum,
1010 4773 1135 4862 quibus
1157 4772 1194 4840 in
1209 4777 1364 4861 Aegypto
1376 4769 1471 4837 fruiti

573 4891 747 4928 abnuendum.
765 4904 797 4916 ··
812 4893 839 4929 ΙΝ
856 4893 978 4930 NUMEROS.
997 4907 1028 4916 -
1047 4888 1055 4929 l
