3554 5406
702 479 776 526 333.
799 465 891 536 esso
911 481 975 532 sao.
1141 453 1143 458 ’
1437 470 1495 528 331
1576 419 1579 424 ¹

179 604 309 672 caelatos
328 608 589 694 quatuordecim
611 631 645 692 »;
668 633 700 678 v.
723 619 765 679 30
784 640 800 674 3
820 612 1061 708 sacrificiaque
1083 641 1099 674 »
1116 650 1159 663 -
1180 613 1415 682 minabam—
1433 629 1498 683 «et

179 709 346 776 libamina
361 710 579 802 sinqulorum
591 739 655 806 per
668 717 792 785 situlos
805 731 838 785 et
852 720 975 787 arietes
990 731 1023 786 et
1036 741 1143 808 uanos
1154 719 1217 786 rite
1233 721 1444 789 celebrabitis
1459 743 1494 800 »;

178 839 209 884 v.
229 823 302 882 31«
324 829 357 884 et
372 817 506 886 bimum
517 843 585 910 pro
599 838 756 912 peecata,
778 828 904 915 absque
925 825 1122 893 holocausto
1141 827 1345 915 sempiterno
1367 829 1498 918 sacrifi·

179 922 299 1012 uiaque
327 952 343 986 3
368 961 412 976 -
435 927 572 994 tuineba
595 968 640 979 —
664 958 680 992 3
708 931 782 997 aitis
804 944 837 999 et
856 931 1018 998 libamine
1044 961 1073 997 3.
1100 955 1132 998 v.
1156 937 1199 999 31
1227 961 1243 994 3
1266 932 1327 1000 Die
1353 936 1496 1022 septimo

179 1029 332 1119 offeretis
345 1031 469 1099 uititlos
482 1044 610 1122 septem
627 1048 659 1102 et
676 1037 914 1123 aniensium,
932 1060 1041 1126 aquas
1060 1036 1241 1104 anniculos
1260 1039 1498 1110 immaculatos

178 1135 439 1225 quatuordeeim
459 1160 495 1220 ›s;
514 1163 546 1206 v.
562 1146 605 1208 33
619 1169 635 1203 a
651 1143 889 1234 sacrificiaque
911 1171 925 1204 3
949 1183 992 1194 -
1007 1143 1179 1210 minelum
1192 1184 1236 1194 —
1251 1171 1268 1205 «
1287 1157 1319 1211 et
1332 1145 1498 1213 libamina

178 1240 393 1331 sinqulorum
413 1267 477 1334 per
499 1245 625 1314 vitulos
650 1261 682 1316 et
705 1250 827 1318 arietes
845 1263 878 1318 et
897 1273 1005 1340 aquas
1026 1249 1092 1317 rite
1112 1248 1324 1319 celebrabitis
1345 1275 1382 1336 »3
1405 1276 1435 1318 v.
1455 1258 1497 1319 st

180 1377 195 1409 «
213 1359 247 1415 et
260 1347 392 1416 biretam
401 1373 468 1440 pro
480 1366 637 1442 peccato,
654 1354 781 1445 absque
797 1356 992 1424 bolocausto
1010 1356 1215 1448 sempiterno
1228 1357 1466 1448 sacrificioque
1481 1387 1496 1420 3

178 1493 222 1504 -
240 1454 440 1523 31133113-
463 1488 477 1519 «
499 1459 571 1526 eius
591 1473 624 1527 et
643 1460 807 1530 libamine
824 1491 854 1530 3.
877 1485 908 1529 v.
930 1470 1005 1530 35«
1025 1463 1088 1530 Die
1108 1476 1239 1544 octavo,
1262 1463 1323 1551 qui
1343 1477 1393 1531 est
1413 1465 1464 1532 ael
1483 1505 1498 1516 -

179 1561 342 1629 bemimus
358 1591 373 1626 3
389 1603 433 1613 -
445 1567 546 1633 Hebr.
566 1589 578 1632 .·
594 1569 658 1634 erit
675 1570 767 1635 oobis
782 1583 874 1642 31111,
892 1570 987 1636 33133
1001 1569 1095 1636 vocis
1110 1570 1185 1637 looo
1201 1574 1278 1638 Lau.
1296 1577 1398 1654 2:3‚36
1415 1571 1499 1638 sori·

178 1669 272 1738 bitur
291 1685 359 1764 usp
377 1686 477 1762 unum,
498 1672 558 1738 sed
582 1674 674 1741 illioo
697 1673 747 1741 ib.
771 1675 876 1744 etiam
898 1677 1232 1766 333311313131131.
1256 1679 1340 1743 CEL
1360 1699 1394 1766 p.
1421 1684 1494 1744 518.

178 1782 328 1846 Fortasse
347 1800 410 1844 vox
429 1777 586 1866 designat
605 1779 730 1848 festum
750 1780 891 1870 aliquod
909 1780 1077 1871 populare
1094 1782 1208 1872 potius
1231 1803 1333 1872 quam
1350 1804 1495 1850 snorum.

179 1887 234 1952 Ps.
264 1888 335 1952 lon.
365 1907 378 1948 .·
403 1911 419 1945 3
445 1886 708 1972 congregamini
727 1888 765 1953 in
793 1887 922 1974 gaudio
947 1887 989 1954 de
1014 1887 1245 1954 tabernaculis
1270 1889 1388 1956 vestris
1416 1917 1432 1950 3
1456 1926 1500 1939 -

182 2019 196 2052 3
220 2013 318 2058 arsisse
338 2013 422 2082 opus
443 1988 561 2057 seruile
580 2013 651 2058 non
674 1992 819 2081 faciatis
841 2013 875 2070 »;
899 2015 931 2060 v.
953 1999 995 2060 36
1018 2021 1034 2054 3
1060 1993 1238 2082 offerentes
1262 1993 1498 2061 boloeaustum

179 2097 215 2164 in
230 2097 367 2166 odorem
382 2096 622 2164 suavissimum
636 2098 782 2165 Domino
799 2098 944 2164 uitulum
962 2121 1081 2183 urium,
1100 2098 1376 2182 ammonianum,
1393 2121 1500 2188 annos

178 2203 357 2271 anniculos
377 2203 613 2270 inmaculatos
627 2215 753 2292 septem
776 2227 811 2286 »3
831 2228 861 2270 v.
880 2211 922 2271 37
939 2231 955 2264 «
973 2203 1213 2294 sacrificiaque
1234 2235 1248 2264 »
1267 2244 1311 2255 -
1327 2203 1499 2270 mincium

179 2349 222 2359 -
242 2337 257 2370 «
280 2324 313 2376 et
327 2308 495 2400 libamina
511 2307 728 2397 sinqulorum
744 2331 806 2399 pei·
824 2309 949 2376 vitulos
970 2323 1003 2375 et
1019 2311 1140 2377 arietes
1156 2323 1189 2376 et
1208 2333 1314 2400 aquas
1333 2310 1400 2377 rite
1419 2310 1502 2377 aele-

179 2415 320 2482 brabitis
334 2435 369 2494 »3
384 2439 415 2481 v.
431 2419 473 2481 38
486 2442 500 2474 3
517 2427 550 2480 et
562 2415 695 2482 bimum
707 2437 769 2504 pro
781 2429 935 2504 peceato,
950 2414 1077 2505 absque
1088 2415 1283 2484 boloeausto
1296 2417 1499 2506 serrapiterno

178 2521 415 2610 sacrificiaque
433 2548 447 2579 »
465 2559 507 2569 —
522 2520 664 2588 mineba
677 2561 721 2571 -
738 2549 753 2584 3
768 2522 835 2587 eius
854 2534 886 2588 et
902 2521 1065 2589 libamine
1081 2552 1109 2590 3.

651 2742 768 2791 clausula
781 2743 843 2804 legin
858 2744 933 2793 Num.
949 2746 1027 2802 mss.

225 2944 256 2986 v.
275 2926 317 2986 39
335 2947 350 2980 3
374 2922 465 2987 Haeo
481 2919 633 3010 offeretis
651 2921 792 2987 Domino
807 2922 843 2986 in
856 2920 1127 2988 solemnitatibus
1140 2948 1170 3006 »,
1187 2923 1287 2987 Hebr.
1307 2921 1343 2987 in
1359 2945 1501 2988 eonven-

180 3027 282 3113 tibus,
301 3055 316 3088 11
334 3028 458 3093 uestris·
470 3055 502 3108 »‚
520 3027 641 3093 nonin
659 3026 739 3092 solis
754 3027 847 3093 133113
860 3014 1138 3110 solemnioribus,
1156 3027 1216 3094 sed
1230 3028 1312 3093 item
1329 3029 1362 3092 in
1379 3028 1499 3094 sabba-

179 3133 234 3216 tis,
250 3162 265 3194 «
276 3145 417 3223 praeter
430 3145 508 3200 uota
521 3145 553 3200 et
568 3131 757 3198 oblationes
769 3145 973 3221 spontaneas
989 3133 1026 3199 in
1043 3132 1251 3213 holocausto,
1269 3132 1305 3198 in
1318 3133 1499 3219 sacrificio,

180 3239 217 3306 in
236 3240 398 3307 libamine
419 3251 451 3306 el
471 3239 508 3305 in
522 3237 643 3306 bestiis
657 3238 813 3327 pacificis
831 3265 860 3303 ›>.
879 3242 966 3305 11333
980 3243 1059 3305 sunt
1071 3238 1235 3305 3331111313
1250 3239 1328 3323 lege
1343 3245 1469 3306 3131313
1491 3261 1497 3306 :

179 3344 351 3426 abusum,
372 3368 460 3434 quae
480 3345 550 3412 sive
572 3366 612 3410 ex
631 3349 711 3409 voto
730 3344 800 3410 sive
820 3329 1010 3433 spontanee
1030 3345 1102 3410 sine
1123 3348 1201 3410 vobo
1223 3344 1501 3410 3113133131313

179 3450 318 3540 publica
331 3450 385 3516 vel
405 3473 425 3516 3
440 3451 583 3539 privatis
597 3447 607 3534 (
613 3455 688 3516 Lev.
711 3455 770 3530 27;
788 3452 845 3514 Ex.
867 3455 988 3532 35‚2s;
1006 3453 1083 3515 Lev.
1101 3449 1230 3538 2223).
1253 3451 1355 3516 Hebr.
1374 3470 1386 3513 .·
1399 3472 1501 3538 prae-

180 3567 229 3622 ter
248 3555 364 3623 omnin
380 3555 460 3623 inde
475 3580 496 3623 a
512 3556 596 3622 votis
607 3555 726 3622 uestris
741 3568 775 3621 et
789 3553 1017 3621 oblationibus
1029 3555 1147 3621 uestris
1164 3555 1376 3644 spontaneis,
1396 3579 1502 3647 usque

183 3660 232 3728 ad
249 3660 448 3729 holocausta
471 3675 580 3730 uestra
592 3675 623 3728 et
646 3660 801 3728 minebas
823 3674 951 3728 uestras
967 3675 1000 3728 et
1016 3660 1199 3728 libamenta
1218 3674 1329 3729 vestra
1358 3663 1501 3752 3111331-

176 3768 244 3857 fica
261 3779 383 3836 vestra.

227 3877 310 3962 Gap.
333 3875 428 3940 XXX
446 3897 478 3939 v.
505 3881 521 3939 1
543 3900 559 3934 «
581 3875 816 3966 Narravitque
837 3877 971 3966 Moyses
987 3874 1073 3963 filiis
1088 3874 1195 3941 lsrael
1213 3876 1343 3959 omnia,
1362 3897 1449 3962 qnae
1471 3875 1503 3940 ei

179 3980 347 4048 Dominus
367 3979 556 4068 irriperarat
576 4008 605 4045 ».

217 4171 386 4222 Subiioimus
401 4173 583 4234 conspectum
596 4167 823 4232 holocaustorum,
841 4184 913 4236 quae
924 4172 1035 4237 publico
1046 4171 1159 4220 nomine
1170 4169 1320 4238 quotannis
1332 4169 1504 4220 immolanda

180 4263 269 4312 erant.
287 4259 449 4310 omittimus
467 4259 576 4309 hircum
589 4273 639 4324 pro
652 4267 774 4323 peceato,
788 4261 836 4324 qui
853 4273 910 4310 non
928 4260 1026 4311 diebus
1040 4259 1147 4308 13113113
1162 4269 1253 4321 noque
1273 4257 1398 4308 sabbatis
1412 4271 1504 4322 neque

179 4349 225 4399 1113
240 4349 346 4408 Ρ11333,
363 4347 413 4398 3311
428 4349 491 4398 aliis
505 4346 584 4399 133113
598 4346 729 4398 omnibus
744 4361 800 4398 non
820 4349 984 4399 holocausto
1002 4346 1117 4407 tostino,
1134 4346 1184 4397 3311
1199 4345 1362 4409 quotidiano
1377 4348 1504 4411 impone·

180 4437 270 4486 batur.
287 4436 320 4485 In
334 4435 379 4487 die
396 4435 488 4486 Phase
503 4447 560 4486 non
575 4435 869 4497 3131311313310333,
885 4438 950 4500 quia
964 4435 1080 4497 sanguis
1094 4435 1161 4497 agni
1176 4435 1300 4498 postibus
1313 4435 1401 4485 illitus
1415 4435 1504 4486 Deum

181 4523 315 4576 Hebraeis
330 4524 413 4587 pleno
428 4523 607 4588 propinabat.

512 4974 685 5012 llllssELXUER.
703 4985 734 4996 ···
750 4971 776 5010 lt(
792 4971 915 5011 1101111308.
933 4986 964 4996 -
981 4967 1010 5010 22
