3538 5404
281 440 320 500 ΞΟ
688 417 783 498 'neri
806 450 953 498 siusium
975 453 1171 501 rosrsuroun.

281 589 410 678 qcsinro
436 609 528 653 onno
552 597 585 652 et
604 608 724 677 snpra,
757 609 872 654 omnes
896 587 958 677 qni
977 599 1142 677 poterant
1165 586 1213 654 od
1243 586 1330 654 dello
1354 587 1534 676 procedere
1564 617 1599 670 »‚

283 717 315 761 v.
345 702 386 762 37
412 723 428 755 «
454 693 599 783 triqinto
627 693 916 783 quinquemillia
944 693 1193 783 quadrinqenti
1216 721 1245 760 n.
1272 716 1305 759 v.
1336 699 1378 759 38
1405 721 1420 753 α
1449 697 1496 760 De
1518 694 1602 784 filiis

283 803 358 868 Dan
376 824 442 892 qrer
464 800 703 889 qenerotiones
733 811 764 867 et
783 799 941 888 familias
971 823 1011 866 oc
1044 797 1160 866 domos
1189 799 1431 888 coqnationarn
1460 824 1601 868 snarctrn

281 908 439 974 recensiti
470 919 549 972 sient
578 906 774 973 nominibus
804 906 1023 996 sinqaloram
1051 929 1072 972 a
1102 907 1267 995 oiqesinto
1299 929 1390 974 orsno
1417 920 1449 974 ct
1479 930 1598 998 snpra,

282 1013 483 1104 omnesqui
507 1025 668 1104 poterant
689 1014 738 1080 ad
761 1012 849 1079 bello
872 1011 1057 1102 procedere
1080 1041 1117 1096 »,
1144 1037 1176 1081 v.
1208 1020 1249 1080 39
1282 1039 1298 1074 «
1328 1013 1511 1102 secaqinto
1532 1013 1600 1080 diro

284 1120 396 1188 millio
413 1120 628 1209 septinqenti
643 1148 673 1186 ».
696 1143 727 1187 v.
752 1127 794 1187 to
822 1123 906 1186 «De
928 1119 1014 1209 filiis
1036 1121 1120 1186 Aser
1139 1141 1202 1210 per
1224 1120 1463 1207 qenerationes
1487 1133 1519 1187 et
1541 1123 1600 1209 sa-

282 1227 397 1294 rnilios
427 1250 467 1294 oc
501 1225 618 1293 domos
651 1225 895 1315 coqnationnrn
924 1247 1063 1293 suornm
1088 1226 1246 1292 recensiti
1269 1240 1349 1292 sant
1366 1249 1432 1316 per
1458 1226 1600 1293 nomino

277 1335 490 1424 sinqnlornm
516 1357 538 1399 o
563 1332 726 1422 ciqesimo
746 1355 837 1399 onno
859 1344 892 1398 et
912 1355 1034 1422 scqrro,
1059 1355 1173 1399 orienes
1195 1334 1258 1423 qui
1272 1345 1433 1422 poterant
1451 1332 1499 1400 od
1512 1332 1600 1401 bella

273 1438 457 1530 procedere
478 1467 514 1520 »‚
539 1463 569 1506 v.
598 1445 637 1505 ti
664 1468 679 1500 α
702 1438 938 1530 qnadroqinto
954 1438 1068 1506 millio
1084 1453 1117 1505 et
1137 1439 1232 1506 mitte
1252 1439 1437 1529 qninqenti
1454 1469 1483 1507 u,
1507 1463 1538 1506 v.
1559 1445 1600 1506 td

280 1575 296 1607 ι(
317 1552 366 1614 De
382 1545 468 1636 filiis
481 1545 671 1636 Ncpiztiioli
694 1569 756 1634 per
774 1546 1012 1634 qenerationcs
1037 1558 1069 1612 et
1090 1545 1248 1633 familias
1272 1569 1311 1612 oc
1334 1545 1452 1612 domos
1472 1569 1598 1636 coqna-

278 1653 410 1720 tionum
445 1675 587 1719 sirarnrn
616 1652 775 1718 recensiti
806 1665 885 1718 sant
920 1653 1116 1718 nominibus
1142 1651 1360 1741 ..sinqnlornrn
1388 1677 1409 1718 o
1439 1654 1598 1744 or'qesinro

276 1782 369 1826 anno
386 1772 551 1848 ctanrro,
570 1781 685 1824 ornnes
700 1759 933 1848 qnipoteront
948 1758 996 1824 od
1009 1757 1096 1826 bello
1105 1757 1291 1849 procedere
1306 1787 1336 1843 n,
1358 1781 1390 1826 v.
1409 1763 1450 1825 t3
1465 1787 1480 1820 n
1498 1760 1599 1850 qnin-

276 1867 447 1955 qnoqinta
467 1865 535 1932 tria
549 1865 662 1932 millia
680 1863 926 1956 qzrodrinqenti
946 1892 976 1931 a.
997 1888 1030 1931 v.
1058 1872 1100 1932 tt
1125 1895 1140 1926 «
1168 1867 1213 1931 Hi
1225 1879 1306 1932 sant
1312 1918 1322 1950 ,
1340 1889 1424 1956 quos
1439 1889 1599 1934 nccmera-

274 1984 395 2039 nerunt
418 1975 550 2060 Moyses
581 1984 613 2038 ct
638 1975 755 2037 Aaron
774 1984 806 2037 et
829 1969 1012 2038 duodecim
1034 1971 1209 2061 principes
1236 1972 1344 2038 Israel
1366 1973 1519 2062 sinqalos
1537 1996 1599 2062 per

275 2078 392 2146 domos
416 2078 662 2168 coqnotionam
685 2100 828 2144 sitorum
853 2105 882 2143 n.
909 2101 941 2146 v.
968 2083 1009 2144 ts
1033 2107 1048 2137 u
1068 2081 1289 2168 Faerrrntqnc
1310 2081 1418 2145 ornnis
1438 2102 1598 2146 nicatoras

269 2185 423 2276 fitiorum
438 2184 617 2275 Israelper
630 2183 746 2250 domos
765 2185 809 2272 [et
826 2184 996 2273 familias]
1013 2207 1092 2252 snos
1106 2207 1128 2252 a
1143 2185 1307 2274 oiqesirno
1327 2209 1418 2252 anno
1435 2199 1466 2253 et
1479 2209 1593 2276 stqrra,

274 2293 337 2382 qni
346 2304 510 2382 poterant
532 2290 579 2358 ad
603 2290 691 2357 bello
709 2289 891 2380 procedere
914 2319 943 2372 n,
970 2312 1002 2356 v.
1032 2297 1073 2357 td
1101 2321 1115 2350 a
1142 2305 1300 2358 sescento
1321 2292 1389 2358 trio
1413 2292 1527 2360 millio
1545 2292 1597 2359 ri-

274 2422 389 2465 rorum
412 2397 595 2490 qninqenti
611 2397 868 2486 quinquaqinta
887 2426 917 2464 n.

308 2572 387 2620 ltebr.
403 2584 431 2621 v.
450 2570 482 2620 44
497 2577 543 2625 illl
558 2576 649 2626 linari
665 2549 738 2624 ritib
753 2575 816 2626 'll'llt
832 2574 895 2626 tllltt
910 2575 988 2634 iilia,
1004 2570 1108 2632 singull
1121 2571 1209 2633 qviood
1222 2572 1374 2635 patroecias
1388 2585 1452 2620 snas
1468 2579 1560 2631 erant,
1576 2573 1594 2621 i.

274 2673 298 2710 e.
311 2657 537 2710 numerabantur,
551 2659 623 2706 Son.
636 2657 699 2706 iri
712 2663 758 2712 illl
774 2663 867 2712 infinit
883 2661 938 2711 liin
954 2636 1045 2712 ΜΒ
1060 2663 1123 2714 ints
1139 2637 1230 2713 ilidii>
1246 2665 1309 2715 inu
1324 2664 1386 2715 ein
1399 2664 1471 2720 bru,
1487 2660 1596 2729 singuli

274 2748 362 2810 quood
378 2747 477 2796 tribum
490 2761 587 2806 sinain,
605 2745 691 2808 quoad
706 2745 805 2794 tribum
816 2750 926 2808 potrum
938 2759 1046 2794 snorum
1059 2753 1136 2794 erosit
1152 2760 1202 2796 seu
1217 2748 1444 2799 numerabantur.
1460 2747 1494 2798 iit
1506 2756 1596 2813 pot-res

274 2836 400 2898 intellige
419 2837 477 2886 sive
493 2836 678 2898 generatione
690 2834 811 2884 naturali
830 2833 891 2883 slve
906 2833 1057 2897 adoptione
1072 2832 1127 2899 (ci.
1142 2835 1225 2886 ciii
1240 2850 1268 2899 p.
1286 2836 1319 2886 37
1338 2835 1403 2902 sq.).
1422 2837 1485 2888 Non
1505 2839 1595 2888 solum

274 2924 493 2975 numerabantur
506 2925 573 2983 viri,
591 2923 641 2974 sed
652 2923 777 2974 studiose
791 2920 1037 2984 distinguebantur
1051 2923 1153 2983 tribus,
1168 2925 1243 2987 quod
1255 2925 1391 2987 imprimis
1407 2929 1595 2977 necessarium

275 3017 336 3064 erat
351 3013 443 3078 quoad
454 3025 510 3062 non
523 3012 666 3062 Hebraeos
681 3012 754 3072 illoS,
769 3012 816 3074 qui
831 3011 1041 3061 circumcisione
1055 3017 1185 3075 suscepta
1200 3014 1282 3062 alicui
1295 3014 1381 3064 tribui
1396 3022 1424 3066 et
1438 3016 1596 3079 patroeclae

275 3103 460 3153 aceesserant.
478 3101 572 3151 Potuit
587 3113 668 3160 vero,
685 3101 818 3150 universe
834 3098 899 3148 inde
913 3099 948 3148 ab
963 3099 1053 3150 exodo
1068 3105 1208 3164 tempore,
1223 3081 1334 3165 Moyses
1349 3104 1488 3154 eiusmodi
1502 3085 1604 3168 prose·¹

274 3193 359 3254 lytas,
376 3195 407 3241 ut
423 3192 472 3240 uni
488 3190 631 3252 praealtis
651 3188 735 3238 tribui
758 3187 937 3248 accederent,
955 3201 1082 3250 monere;
1099 3203 1156 3253 quo
1175 3189 1295 3241 tortasse
1314 3192 1488 3254 explicantur
1509 3193 1595 3243 tribus

274 3281 342 3331 luda
356 3281 444 3342 Moysi
461 3277 569 3329 fidelius
581 3278 760 3328 adhaerentis
772 3275 819 3342 (ci.
833 3276 870 3326 ib.
887 3290 914 3341 p.
935 3277 964 3327 13
979 3273 1050 3345 sip),
1067 3282 1276 3340 comparatione
1291 3293 1353 3329 cum
1367 3282 1484 3345 reliquis
1498 3283 1594 3345 ingen·

273 3371 312 3419 tia
324 3371 496 3418 incrementa
512 3353 641 3433 (li-600).
659 3366 757 3415 Tribus
770 3367 838 3416 Levi
853 3367 1000 3430 pauciores
1014 3367 1116 3417 ceteris
1131 3368 1257 3418 tribubus
1270 3369 1435 3420 numerabat
1446 3372 1536 3428 viros,
1553 3385 1592 3420 se.

273 3455 349 3508 solos
364 3456 462 3508 isiae
478 3469 570 3506 mares
594 3455 687 3518 (339),
705 3456 753 3518 qul
773 3455 856 3504 unlus
874 3457 980 3504 mensis
999 3461 1120 3506 aetatem
1141 3461 1328 3519 superarent:
1347 3459 1477 3510 studebat
1492 3461 1594 3523 quippe

273 3545 397 3608 Moyses,
412 3549 443 3594 ut
455 3546 483 3593 ln
498 3544 571 3594 tribu
586 3543 681 3593 divino
698 3544 784 3592 cultui
803 3543 942 3593 destinata
956 3545 1072 3606 sanguis
1087 3546 1307 3607 patriarcharum
1325 3545 1425 3598 ssueret
1436 3549 1532 3611 purior
1548 3545 1591 3614 (el.

272 3633 340 3685 Lev.
357 3631 412 3700 ii),
429 3632 606 3696 paucioribus
621 3631 787 3694 alienigenis
803 3633 870 3682 viris
884 3631 1033 3695 adoptione
1048 3634 1074 3682 el
1089 3633 1173 3683 tribul
1188 3636 1343 3684 aceensltis.

315 3796 347 3839 v.
364 3777 404 3837 tv
423 3799 438 3834 u
457 3771 592 3838 Levitae
612 3782 727 3836 aretem
742 3769 779 3836 in
795 3769 885 3836 tribu
904 3769 1126 3860 familiarum
1140 3795 1282 3839 snorum
1296 3796 1365 3840 non
1380 3786 1461 3840 sant
1475 3798 1592 3842 nante·

273 3879 341 3946 rati
356 3901 434 3944 cnrn
449 3877 496 3942 ris
516 3906 546 3941 v.
560 3861 628 3943 'iiio
649 3898 764 3942 versus
783 3878 960 3965 sequentia
976 3884 1172 3967 praeparat.
1188 3885 1278 3958 Quae
1294 3903 1333 3947 eo
1353 3881 1435 3946 item
1451 3903 1593 3971 praepa·
1655 3929 1657 3934 ·

273 3986 451 4067 rebantur,
469 3983 560 4073 quod
576 3982 686 4049 trihus
708 3981 787 4049 Levi
801 3982 838 4048 in
857 4005 960 4050 censu
981 3985 1322 4072 praetermitteretur,
1340 3993 1373 4053 et
1394 3987 1503 4053 trihus
1522 3987 1592 4055 Gad

271 4093 398 4160 ineius
420 4091 533 4157 locum
562 4089 784 4156 sufficeretur.
805 4090 905 4156 Cuius
930 4090 980 4157 rei
1004 4091 1146 4157 omnino
1171 4092 1339 4158 rationem
1366 4093 1465 4161 reddi
1490 4117 1592 4184 opor-

272 4199 377 4266 tebet.
396 4201 452 4263 Ex.
467 4205 499 4263 ei
512 4202 587 4264 Lev.
607 4195 649 4261 de
661 4195 857 4262 teritorum
869 4196 1001 4262 honore
1017 4197 1161 4264 siluerat
1180 4220 1187 4265 :
1204 4205 1315 4265 erecto
1330 4221 1419 4265 nove
1436 4207 1591 4268 sanctua-

273 4305 324 4372 rio
350 4303 520 4392 imprimis
545 4325 681 4370 neeesse
708 4308 781 4368 erat
807 4303 849 4369 de
875 4302 973 4369 novis
999 4303 1179 4392 providere
1200 4305 1439 4374 sacerdotibus.
1468 4311 1509 4373 nt
1531 4307 1591 4373 ubi

273 4411 460 4498 designatis
481 4410 696 4498 principibus
711 4415 812 4498 atque
825 4409 983 4476 tribubus
995 4410 1184 4490 recensitis,
1212 4413 1359 4501 populus
1374 4413 1474 4480 lahve
1490 4412 1590 4502 plene

272 4523 320 4586 est
351 4516 567 4594 constitutus,
599 4515 751 4604 oportuit
773 4516 877 4582 etiam
906 4514 949 4582 de
973 4515 1138 4583 ministris
1166 4519 1269 4584 lahve
1295 4519 1494 4608 providere;
1520 4541 1589 4587 non

273 4625 363 4692 enirn
380 4622 523 4689 decebat
539 4643 616 4688 eum
640 4621 797 4710 pauculis
818 4621 1051 4688 sacerdotibus
1066 4623 1228 4712 stipatum
1247 4625 1284 4691 in
1306 4623 1419 4691 medio
1441 4626 1589 4693 exercitu

273 4729 405 4799 israelis
426 4727 599 4794 debitore:
611 4727 664 4794 llli
686 4727 832 4794 ministri
851 4727 1019 4814 designati
1039 4737 1116 4796 suut
1133 4732 1279 4798 Levitae.
1306 4735 1393 4808 Quos
1413 4733 1591 4822 opertebat

273 4861 344 4906 esse
376 4843 526 4918 sanetae,
571 4834 615 4902 ab
646 4857 707 4901 usu
739 4835 882 4923 profano
916 4841 1079 4914 remotm,
1117 4859 1199 4924 ergo
1223 4837 1395 4928 imprimis
1419 4861 1440 4905 a
1468 4839 1588 4907 militia
