3522 5410
718 461 926 526 mraonucrro.
1472 439 1490 494 5

173 598 310 690 phetica
327 596 511 665 auotoritas
524 595 758 678 confirmatur,
775 603 809 662 et
825 596 953 686 populo
968 599 1128 688 antiquae
1142 602 1381 690 promissiones
1394 629 1489 673 reno-

172 711 307 774 vantur.
323 704 418 771 Alter
431 702 580 770 hahetur
589 701 759 792 adscripto
769 703 979 770 familiarum
993 705 1137 772 elencho
1151 729 1282 792 census,
1299 713 1485 778 secundum

54 827 55 830 ’
174 835 276 904 quem
293 816 386 878 terra
405 808 564 877 tribubus
584 808 770 898 aliquando
794 809 980 877 dividenda
1001 813 1222 903 praecipitur.
1247 821 1309 882 Lex
1324 819 1486 886 statuitur

170 921 212 988 de
226 917 436 986 haereditate
451 916 587 983 insilias
600 915 881 998 transmittenda,
903 915 1142 985 deficientibus
1157 918 1247 988 liliis.
1266 927 1375 992 Iussus
1392 947 1486 992 mon-

169 1035 238 1094 tem
257 1025 394 1092 Abarim
416 1022 642 1090 conscendere
662 1022 709 1088 ib.
727 1021 928 1106 moriturus,
946 1027 1071 1112 Moyses
1093 1026 1246 1094 mandati
1258 1051 1327 1095 non
1343 1053 1481 1098 revoca-

168 1133 296 1199 tionem
315 1129 471 1220 quidem,
495 1128 555 1196 sed
574 1128 772 1196 dilationem
796 1129 970 1218 impetrat.
995 1131 1056 1197 Cui
1071 1131 1189 1221 aliqua
1206 1137 1391 1203 sancienda
1406 1160 1485 1226 per-

167 1239 362 1318 mittuntur,
380 1257 468 1325 quae
482 1234 613 1324 abipso
628 1233 840 1301 commodius
850 1257 953 1323 quam
965 1235 1010 1302 ab
1025 1237 1093 1303 alio
1110 1237 1346 1307 definirentur.
1365 1245 1483 1321 losnen

166 1345 274 1430 igitur
289 1342 411 1410 ducem
427 1341 543 1431 populi
552 1341 714 1422 instituit;
729 1340 905 1412 licentiam
920 1345 1017 1410 Num.
1036 1351 1076 1410 15
1088 1343 1132 1410 ad
1142 1351 1278 1435 tempus
1291 1369 1485 1415 concessam

164 1455 316 1534 revocat,
336 1447 396 1515 ubi
415 1448 517 1515 etiam
533 1446 645 1533 legem
666 1453 767 1513 antea
786 1447 948 1514 traditam
968 1448 1009 1516 dc
1029 1452 1116 1517 votis
1136 1453 1301 1542 complet;
1323 1454 1485 1522 Medioni-

165 1564 281 1624 tarum
313 1555 508 1646 captionem
539 1553 729 1636 ulciscitur3
753 1553 1060 1623 transiordanicam
1091 1557 1296 1646 quibusdam
1327 1561 1487 1629 tribubus

168 1663 341 1745 concedit3
368 1684 432 1752 pro
451 1661 566 1728 lutura
585 1660 830 1728 cisiordanicae
850 1661 1088 1729 distributione
1103 1666 1273 1753 sapientes
1288 1667 1380 1752 loges
1399 1669 1480 1743 fert,

164 1781 310 1861 quarum
327 1769 450 1836 ultima
465 1767 636 1857 providet,
649 1789 693 1834 ne
707 1767 861 1834 tribuum
878 1766 964 1835 fines
982 1769 1246 1838 confundantur.
1263 1777 1345 1839 Acta
1360 1773 1485 1841 Cadesa

166 1878 209 1944 ad
225 1875 405 1943 Iordanem
419 1875 530 1942 tribus
543 1874 721 1941 funeribus
740 1880 984 1940 consecrantur
1002 1897 1009 1943 :
1032 1875 1157 1965 inipso
1172 1878 1319 1946 Cadesae
1333 1879 1480 1948 adventu

165 1990 197 2050 et
227 1989 306 2050 ante
327 1981 445 2070 Moysis
468 1981 659 2069 deliquium
685 1980 830 2048 moritur
854 1983 972 2063 Maria;
1002 1983 1038 2048 in
1062 1984 1273 2071 profectione
1293 1985 1481 2054 Cadesiana

164 2091 308 2156 moritur
321 2095 449 2170 Aaron3
466 2088 504 2153 in
525 2088 597 2177 ipso
611 2085 854 2154 cisiordanicae
869 2087 989 2154 limine
1004 2090 1149 2156 moritur
1163 2095 1300 2178 Moyses.

209 2197 286 2262 Mire
310 2218 379 2262 una
399 2194 551 2284 prolecto
571 2199 623 2260 est
644 2199 716 2260 tota
730 2194 815 2260 haec
830 2194 999 2277 narratio,
1021 2195 1117 2262 ouius
1137 2199 1313 2285 aequalem
1335 2200 1371 2264 in
1385 2200 1483 2266 texti-

166 2304 231 2370 bus
245 2301 416 2391 aegyptiis
434 2305 467 2367 ct
488 2300 703 2387 babylonicis
722 2300 848 2366 trustra
863 2300 1072 2390 requisieris,
1091 2302 1232 2369 affinem
1251 2306 1305 2370 vix
1328 2307 1365 2371 in
1382 2311 1481 2374 Grae-

165 2429 284 2476 corum
303 2407 490 2493 tragoediis
502 2407 781 2495 deprehenderis.
799 2406 864 2473 Sed
889 2428 990 2496 quem
1011 2409 1110 2494 fugit,
1129 2411 1380 2493 narrationem,
1398 2434 1480 2500 qua-

162 2517 230 2582 lem
249 2537 310 2581 nos
324 2536 407 2603 prae
429 2512 588 2580 manibus
607 2512 790 2595 hahemus,
808 2535 878 2580 esse
892 2516 1072 2581 taraucam?
1090 2514 1147 2582 llle
1164 2516 1294 2604 primus
1308 2524 1477 2600 narrator,
1524 2517 1525 2524 ’

123 2619 126 2626 ’
162 2622 221 2712 qui
236 2628 306 2689 tam
321 2620 449 2708 insigni
468 2627 540 2687 arte
560 2620 792 2686 narrationem
813 2619 1001 2703 contexuit,
1026 2619 1141 2687 debant
1165 2623 1336 2712 copiosius
1355 2623 1480 2692 descri-

160 2714 245 2795 bere
266 2728 383 2816 Moysis
405 2732 598 2817 peccatum,
625 2727 756 2816 peccati
781 2727 935 2793 effectum
959 2732 991 2793 et
1016 2750 1175 2816 poenam.
1204 2732 1333 2797 Peccati
1360 2734 1478 2819 Moysis

160 2841 259 2915 20,ss
278 2835 510 2901 narrationem
527 2833 650 2899 haberi
665 2838 874 2915 truncatam,
889 2833 949 2899 alii
965 2839 1044 2901 ante
1057 2857 1119 2902 nos
1137 2836 1341 2925 interpretes
1358 2843 1478 2905 catho-

158 2941 217 3007 lici
232 2962 415 3028 agnovcre.
434 2940 683 3007 [tabuit'autem
704 2938 797 3006 idem
812 2945 988 3029 peccatum
1011 2939 1150 3008 effectus
1165 2943 1332 3031 quosdam
1349 2944 1477 3012 habere

156 3069 297 3134 graveS,
315 3046 477 3114 exitiales.
496 3051 640 3113 Putasne
656 3047 839 3136 populum,
858 3047 915 3135 qui
931 3045 1063 3113 nullam
1075 3069 1291 3116 murmurum
1310 3055 1342 3116 et
1358 3059 1477 3118 contu-

159 3155 289 3221 maciae
303 3159 403 3220 antea
422 3153 705 3242 praetermisisset
723 3154 954 3232 occasionem,
973 3159 1092 3243 pacate
1112 3154 1265 3221 laturum
1283 3157 1384 3222 luisse
1399 3163 1475 3224 tan-

155 3267 226 3328 tam
245 3260 361 3348 Moysis
382 3261 631 3325 calamitatem?
646 3263 690 3340 et,
712 3259 772 3347 qui
792 3260 980 3348 prophetae
995 3264 1154 3348 portenta
1168 3261 1267 3350 parvi
1283 3261 1472 3350 pandisset,

157 3387 420 3456 permansurum
441 3365 543 3432 fnisse
567 3366 605 3430 in
624 3364 786 3454 obsequio
806 3366 1010 3455 prophetae,
1031 3365 1126 3454 quia
1145 3368 1288 3434 numine
1303 3389 1363 3434 sno
1379 3368 1473 3436 vide-

158 3479 253 3541 retur
278 3472 474 3561 repudiari?
499 3476 675 3538 Peccatum
705 3473 823 3557 Moysis
842 3469 935 3538 illico
958 3473 1111 3561 excipere
1132 3472 1251 3540 debuit
1272 3475 1475 3542 centumcelle

158 3579 329 3670 quaedam
341 3579 466 3669 populi
478 3577 651 3668 apostasia
656 3631 666 3664 ,
681 3577 916 3645 abdicantium
931 3579 1061 3645 cultum
1076 3580 1178 3646 lahve
1192 3581 1381 3671 Moysisque
1397 3605 1474 3650 auo-

157 3687 341 3753 toritatem.
360 3691 405 3753 De
421 3686 485 3751 hac
501 3689 614 3753 autem
630 3685 705 3751 silet
724 3689 844 3751 textus.

199 3797 304 3870 Quam
325 3791 533 3881 apostasiam
556 3813 616 3858 nos
631 3790 762 3858 modoe
777 3790 985 3858 narrationis
1000 3791 1142 3858 consilio
1158 3793 1263 3859 veluti
1283 3793 1475 3874 divinantes

158 3899 434 3966 coniiciebomus.
465 3902 507 3965 At
532 3897 684 3964 eiusdem
706 3896 744 3962 in
765 3897 869 3963 sacris
897 3897 1035 3987 paginis
1061 3899 1202 3965 minime
1231 3899 1352 3966 desunt
1383 3909 1473 3968 corta

156 4011 376 4089 argumenta.
401 4005 559 4073 Textibus
584 4008 678 4071 Deut.
706 4010 784 4084 33,ss
810 4025 900 4093 sqq,
925 4008 999 4070 Am.
1024 4011 1103 4086 525
1128 4027 1179 4094 sq.
1204 4011 1267 4072 etc.
1298 4007 1471 4086 docemur,

157 4110 201 4177 ad
221 4115 334 4199 Aquas
351 4111 633 4178 Contradictionis
655 4133 764 4200 prope
792 4109 952 4177 Cadesam
979 4110 1093 4178 locum
1121 4111 1281 4178 habuisse
1308 4112 1477 4178 eiusmodi

155 4218 380 4306 apostasiam,
406 4241 474 4307 qua
498 4217 655 4307 pluribus
679 4217 777 4284 annis
800 4216 992 4306 populosa
1015 4218 1117 4284 lahve
1142 4217 1186 4284 ad
1211 4217 1341 4284 cultum
1365 4218 1474 4286 idolo-

155 4346 233 4392 rum
254 4323 431 4405 desecerit,
456 4326 526 4391 fere
548 4323 611 4390 soli
633 4325 766 4390 Levitae
785 4323 886 4410 Moysi
908 4323 1028 4390 fideles
1054 4322 1282 4390 adhaeserint.
1305 4329 1376 4401 Quo
1399 4325 1474 4392 loco

154 4437 229 4497 tum
263 4430 492 4496 Hebraeorum
522 4453 577 4497 res
604 4429 748 4510 tuerint,
782 4429 946 4496 docemur
972 4428 1179 4518 quibusdam
1205 4431 1302 4496 factis
1326 4432 1475 4521 peranti-

155 4536 249 4624 quis,
270 4535 518 4622 genaalogiisl
544 4540 618 4603 Par.
643 4537 869 4626 interspersis
894 4535 1076 4602 Affirmant
1100 4544 1278 4625 praeterea
1303 4559 1329 4604 s.
1354 4539 1473 4606 literae

155 4641 388 4709 Hebraeorum
421 4644 457 4707 in
483 4640 616 4708 deserto
646 4644 950 4709 commorationem
976 4641 1020 4708 ad
1049 4649 1090 4708 to
1117 4637 1229 4708 annos‘
1248 4643 1471 4733 productam,

153 4746 212 4814 sed
242 4747 269 4814 1¹
295 4755 429 4815 tantum
456 4754 490 4815 et
512 4745 542 4813 2¹
566 4753 600 4813 et
623 4747 674 4815 [ιοΙ
695 4749 778 4816 anni
801 4755 878 4816 acta
902 4748 1085 4815 referunt:
1113 4771 1218 4837 quare
1242 4751 1472 4817 rationalistae

153 4855 233 4920 illos
256 4861 297 4921 t0
324 4877 434 4922 annos
453 4861 630 4944 tamquam
655 4859 887 4922 commentum
908 4853 1115 4944 explodunt,
1140 4855 1200 4920 alii
1224 4855 1307 4922 alias
1333 4857 1477 4946 explica·
