3554 5406
714 427 789 472 unu.
812 410 915 484 naso.
1418 417 1476 476 323

153 561 353 627 nominibus
371 561 523 627 virorum
544 560 789 652 distinguenda
804 567 883 627 sunt
896 559 1078 626 duodecim
1095 561 1236 627 nomina
1248 575 1388 651 patrum
1401 585 1472 648 seu,

153 665 244 754 quod
262 669 297 732 iu
313 667 404 734 idem
420 667 558 749 recidit,
578 666 740 734 triduum.
755 690 788 732 v.
806 673 849 734 56
867 694 883 727 ι(
900 665 1079 756 Quidquid
1092 679 1179 732 sorte
1198 669 1398 758 contigerit,
1414 669 1475 737 boc

153 773 208 839 rel
218 772 335 862 plures
349 773 521 863 occipiunt
533 773 588 839 oel
596 774 779 863 pauciores
797 801 827 840 u.
849 775 949 840 Hebr.
971 793 984 838 .·
999 772 1185 839 scoriadam
1206 787 1328 841 sortem
1345 775 1475 844 divides

147 880 395 968 possessionem
409 880 481 946 eius
496 881 585 946 inter
597 879 742 946 muttum
759 892 792 946 et
801 901 966 970 parvum,
985 879 1075 945 inter
1088 878 1199 960 tribus
1214 882 1325 968 magis
1345 883 1476 951 minus-

153 1009 193 1053 ve
213 1008 423 1054 numerosas.
446 990 564 1053 Postea
582 991 680 1054 losue
698 992 775 1069 1a‚5
796 986 883 1053 haec
908 985 956 1051 ita
974 991 1149 1053 exsecutus
1167 992 1227 1069 est,
1251 994 1289 1054 ut
1309 989 1394 1056 duas
1419 991 1476 1057 tri-

153 1092 217 1158 bus
230 1093 481 1181 potentissimas
507 1093 624 1182 loseph
645 1097 678 1160 et
699 1091 783 1160 luda
807 1091 996 1159 collocaret
1020 1091 1064 1158 ad
1078 1093 1276 1180 aquilonem
1293 1094 1383 1161 etad
1399 1117 1476 1163 aus-

150 1205 244 1264 trum
255 1207 367 1265 terrae
380 1198 644 1279 cisiordanicae,
659 1199 741 1266 doiu
756 1221 788 1266 v.
809 1205 848 1265 11
865 1202 953 1265 sorte
969 1197 1075 1264 tribui
1089 1197 1266 1266 Beniamin
1282 1200 1477 1268 attribuerit

154 1302 250 1370 sedes
270 1303 362 1370 inter
381 1310 562 1393 utramque
584 1305 698 1384 illam,
718 1310 750 1372 et
774 1306 820 1371 ita
839 1327 953 1395 porro.
972 1305 1069 1372 Sorte
1089 1303 1328 1387 definiebatur,
1345 1311 1405 1375 ubi
1417 1309 1476 1375 tri-

153 1408 217 1475 bus
238 1431 395 1499 quaeque
423 1411 536 1478 sedem
555 1410 716 1477 habitura
736 1417 838 1490 esset3
865 1410 1012 1479 ambitus
1031 1409 1154 1478 finium
1176 1433 1238 1500 pro
1257 1436 1398 1480 numero
1414 1437 1475 1481 uo-

154 1515 284 1581 minum
301 1516 404 1582 latior
426 1516 482 1583 vel
504 1517 683 1602 angustior
695 1517 957 1584 describebatur
974 1517 1019 1606 (v.
1042 1518 1109 1604 bt).
1128 1517 1177 1585 Cf.
1197 1519 1285 1602 Cui,
1305 1520 1415 1586 Culm.
1432 1561 1476 1572 -

154 1621 209 1690 llis
222 1627 310 1690 Deus
330 1623 511 1709 generales
524 1624 619 1710 leges
637 1623 675 1690 in
696 1621 938 1690 distributione
958 1628 1069 1691 terrae
1091 1629 1229 1691 sanctae
1247 1626 1476 1694 observandas

153 1727 330 1808 stabilium
349 1751 439 1818 quae
459 1728 551 1796 solae
565 1731 601 1796 h.
623 1730 646 1796 l.
671 1729 850 1818 interpreti
866 1734 945 1796 sunt
957 1730 1197 1798 attendendae.
1214 1735 1277 1797 llas
1294 1732 1387 1819 leges
1405 1733 1476 1800 sine

153 1834 260 1902 dubio
287 1841 381 1902 losue
410 1837 593 1925 sapienter,
622 1857 693 1902 uon
724 1835 923 1902 mechanico
946 1841 1120 1904 exsecutus
1146 1842 1208 1922 est,
1237 1845 1274 1904 ut
1297 1839 1476 1924 regionem

153 1940 350 2008 aestimaret
365 1964 433 2010 non
448 1940 637 2009 secundum
657 1941 767 2008 solum
785 1941 966 2024 ambitum,
983 1941 1044 2009 sed
1063 1944 1145 2009 item
1157 1944 1347 2011 secundum
1367 1947 1475 2012 maio-

154 2069 231 2114 rem*
248 2049 461 2116 minoremve
473 2047 686 2116 fertilitatem
707 2047 872 2137 (derisu).

372 2285 404 2346 3.
424 2277 583 2345 Truditur
602 2277 784 2344 leniturum
801 2299 935 2344 cerrima
954 2279 1056 2344 Num.
1080 2283 1255 2360 tabl-62.

198 2491 280 2579 Arp.
304 2529 347 2539 -
368 2490 420 2557 Uti
439 2491 555 2557 censui
571 2490 725 2558 tribuum
745 2495 843 2555 Num.
864 2495 880 2555 1
898 2489 942 2556 ab
962 2490 1238 2576 annovigesimo
1258 2490 1476 2559 adscribeba-

155 2599 211 2660 tur
225 2599 322 2661 Num.
343 2602 367 2664 3,
381 2617 500 2662 census
520 2595 597 2663 Levi
613 2595 659 2663 ab
675 2617 744 2663 uno
759 2617 892 2678 mense,
909 2594 957 2662 ita
973 2596 1008 2662 h.
1027 2595 1049 2662 l.
1073 2596 1190 2663 censui
1211 2596 1365 2664 tribuum
1385 2621 1417 2665 v.
1443 2605 1476 2665 1-

154 2709 193 2766 51
217 2700 423 2769 adscribitur
442 2725 563 2770 census
588 2701 666 2769 Levi
688 2725 719 2768 v.
748 2709 861 2770 57-62.
889 2705 1038 2778 Quorum
1059 2700 1244 2770 traduntur
1265 2703 1417 2772 familiae
1443 2713 1475 2771 et

153 2828 326 2874 numerus
352 2809 404 2874 Uti
429 2809 546 2876 censui
572 2807 690 2876 Ruben
712 2832 743 2876 v.
769 2813 845 2875 8-11
872 2807 1084 2898 appenditur
1108 2809 1298 2876 summaria
1318 2811 1476 2900 repetitio

154 2917 308 2994 eventus,
337 2915 397 3004 qui
419 2915 549 2982 tribum
568 2915 690 2981 Ruben
709 2915 918 3002 attingebat,
939 2914 988 2981 ita
1009 2937 1040 2980 v.
1066 2921 1163 2982 58-61
1188 2916 1368 3004 repetitur,
1387 2938 1475 3007 quae

154 3023 211 3085 Ex.
230 3027 249 3085 6
265 3025 299 3085 et
311 3025 410 3086 Num.
430 3027 527 3102 3,l-t
542 3019 716 3109 descripta
731 3020 860 3102 fuerat,
876 3019 1082 3108 genealogia
1098 3020 1217 3108 Moysis
1231 3027 1265 3086 et
1282 3027 1405 3089 Aaron.

199 3125 262 3192 Sed
283 3127 372 3193 hanc
386 3126 629 3213 genealogiam
642 3131 762 3192 auctor
778 3147 849 3192 non
868 3125 1028 3216 producit
1039 3125 1131 3192 ultra
1141 3125 1235 3214 [ilios
1252 3131 1381 3209 Aaron,
1403 3149 1475 3194 non

155 3231 319 3298 adscribit
333 3233 474 3300 nomina
490 3253 610 3299 eorum
625 3237 789 3322 nepotum
805 3231 962 3313 Aaronis,
980 3232 1037 3321 qui
1056 3238 1097 3299 38
1111 3231 1269 3298 extremis
1283 3233 1380 3299 annis
1395 3233 1476 3300 ado-

154 3338 306 3406 leverant
326 3339 464 3430 iamque
484 3339 673 3406 sacerdotio
688 3337 940 3424 fungebantur;
957 3359 1001 3404 ne
1021 3336 1164 3404 Phineas
1185 3337 1326 3427 quidem
1349 3344 1417 3426 (Ex.
1441 3347 1473 3423 6,

155 3445 210 3532 25)
228 3451 436 3512 recensetur.
462 3450 513 3513 Sc.
534 3445 560 3510 ii
582 3445 645 3511 soli
665 3445 807 3512 Aarouis
831 3443 956 3533 posteri
979 3443 1210 3533 appellantur,
1237 3444 1298 3534 qui
1318 3447 1475 3514 exstitere

156 3551 372 3640 postmodum
405 3552 612 3620 familiarum
646 3553 775 3641 capita,
808 3548 1081 3617 Eleazaridarum
1112 3555 1145 3616 et
1173 3551 1472 3620 lthamaridarum.

156 3657 307 3725 Familia
326 3663 437 3724 Aaron
461 3659 614 3726 nondum
633 3661 830 3725 recensetur
849 3659 940 3723 inter
955 3655 1105 3723 familias
1124 3657 1221 3739 Levi,
1245 3658 1327 3748 quia
1347 3660 1475 3748 posteri

116 3853 119 3858 Ι
156 3769 268 3832 Aaron
286 3764 441 3832 nondum
454 3769 553 3832 erant
567 3770 618 3832 tot
632 3785 787 3845 numero,
805 3768 843 3831 ut
857 3761 989 3829 familia
1005 3766 1115 3829 essent
1130 3785 1169 3830 eo
1189 3785 1308 3848 sensu,
1328 3787 1396 3853 quo
1412 3787 1475 3830 vox

155 3869 222 3936 hoc
249 3871 360 3960 capite
390 3870 608 3957 intelligitur,
636 3892 716 3960 pars
743 3869 853 3936 tribus
879 3868 1105 3938 numerosior.
1135 3871 1344 3937 Amramitae
1373 3872 1472 3951 item,

155 3976 304 4066 demptis
325 3977 513 4060 AaronitiS,
541 3999 610 4043 non
638 3983 859 4044 recensentur
881 3981 1059 4066 tamquam
1080 3975 1232 4058 familia,
1257 3976 1340 4042 hinc
1362 3996 1475 4065 neque

156 4083 273 4170 Moysis
286 4083 349 4149 lilii
363 4089 595 4166 recensentur,
613 4083 673 4172 qui
689 4083 741 4150 his
756 4081 952 4149 Amramitis
967 4081 1296 4149 adnumerabantur.
1311 4085 1476 4148 Numerus

156 4189 368 4256 familiarum
384 4189 462 4258 Levi
482 4190 515 4255 h.
534 4190 557 4257 l.
580 4189 617 4256 in
633 4189 755 4256 eadem
776 4189 907 4256 ratione
928 4193 978 4254 est
994 4195 1097 4276 atque
1113 4187 1249 4254 numeri
1268 4187 1475 4254 familiarum

156 4294 369 4383 reliquarum
390 4297 544 4364 tribuum
564 4298 609 4386 (t.
627 4303 660 4363 5.
677 4303 710 4362 7.
728 4303 760 4363 5.
783 4301 814 4362 t.
833 4302 862 4361 3.
882 4300 914 4361 8.
934 4300 966 4360 t.
985 4302 1016 4360 7.
1035 4301 1063 4360 1.
1081 4301 1112 4360 5.
1132 4299 1209 4358 t-
1227 4293 1304 4359 Levi
1317 4293 1365 4382 8),
1383 4294 1475 4384 quod

156 4405 206 4468 est
218 4401 323 4468 etiam
336 4402 516 4491 probabile
525 4407 767 4491 argumentum
777 4401 849 4469 eius
859 4400 996 4467 numeri
1009 4399 1214 4466 admittendi
1227 4421 1290 4488 pro
1301 4399 1472 4486 genuin03

156 4507 217 4574 sed
234 4513 283 4574 est
299 4508 403 4595 longe
422 4509 537 4576 minor
553 4531 699 4577 numero
718 4508 930 4575 familiarum
948 4507 1027 4572 Levi
1044 4511 1100 4573 Ex.
1126 4511 1158 4572 6.
1182 4511 1233 4572 Sc.
1253 4511 1310 4573 Ex.
1333 4511 1475 4588 oua-m

159 4615 255 4704 (CEL
272 4638 308 4706 p.
331 4621 372 4683 75
390 4615 459 4705 sq.)
482 4615 590 4683 serius
611 4614 719 4682 textui
740 4619 890 4681 assutum
915 4621 1066 4701 est,'quo
1089 4618 1242 4701 tempore
1265 4611 1375 4680 tribus
1399 4612 1476 4678 Levi
1512 4645 1514 4648 ·

157 4725 292 4789 numeri
323 4721 513 4812 plurimum
541 4722 770 4789 increverant.
801 4717 942 4798 Quando
973 4739 1054 4784 vero
1083 4718 1187 4785 lsrael
1210 4716 1411 4786 versabatur
1438 4716 1475 4783 in

158 4828 406 4920 campestribus
432 4827 546 4912 ltoab,
569 4831 783 4918 posterorum
813 4829 940 4892 Gcrson
967 4823 1029 4890 soli
1054 4823 1184 4914 posteri
1202 4824 1309 4892 Lobni
1344 4824 1392 4890 ita
1425 4822 1475 4890 in·
