3522 5410
714 464 791 509 nuil.
816 450 866 520 43
889 465 954 517 soc.
1456 449 1493 506 37

174 600 367 690 peucetius
380 619 481 686 sttus;
501 621 533 665 v.
556 606 575 666 3
594 626 609 659 u
630 621 652 665 o
668 598 842 688 trv'qest'tno
857 621 947 665 anno
964 611 996 664 et
1015 623 1117 690 stupro
1136 623 1242 690 usquc
1259 599 1307 666 nd
1321 599 1495 691 quinqua·

180 707 352 796 qesimunt
370 729 516 792 antrum,
540 706 694 772 onmium
712 705 774 796 qui
802 704 1058 795 meredianum,
1082 719 1120 773 ut
1135 719 1224 775 stent
1246 721 1278 773 et
1299 706 1495 772 ministrent

179 815 218 881 t'n
234 812 453 882 tabernaculo
467 812 619 902 foederis
636 841 664 880 u.

213 1023 275 1086 8,l4
296 1037 338 1086 sq.
359 1023 461 1072 levitae
484 1023 642 1074 ministrare
661 1022 821 1073 scribuntur
839 1023 873 1073 ab
895 1035 969 1073 anno
989 1023 1035 1072 25⁰
1054 1022 1090 1072 ad
1110 1023 1192 1073 illum.
1213 1023 1306 1081 Quare
1330 1024 1393 1070 ill
1410 1023 1494 1072 etiam

179 1112 235 1172 4,3.
248 1112 291 1163 23.
302 1111 346 1162 30.
359 1111 401 1162 13.
417 1111 449 1161 17
458 1124 605 1162 correxere
616 1124 720 1162 annum
731 1111 813 1161 254111.
824 1112 1004 1162 correctione
1014 1125 1070 1162 non
1077 1111 1187 1161 videtur
1197 1124 1259 1162 esse
1269 1124 1349 1174 opus,
1361 1111 1495 1161 seduter-

178 1213 232 1264 que
251 1213 385 1250 numerus
406 1199 517 1250 delendi
536 1205 637 1263 potest.
657 1200 741 1250 Num.
762 1199 777 1250 t
797 1202 890 1263 agitur
909 1201 944 1250 de
964 1201 1056 1251 levitis
1075 1201 1279 1252 robustioribus
1298 1199 1439 1262 deputatis
1459 1200 1495 1248 ad

176 1289 330 1352 faciendum
349 1303 415 1353 opus
437 1289 469 1338 tn
483 1289 670 1349 tabernaculo,
687 1289 762 1352 quod
777 1303 848 1353 opus
868 1303 931 1340 cum
947 1295 1005 1340 toto
1025 1293 1158 1340 contextu
1171 1292 1230 1340 tum
1250 1289 1389 1352 explicitis
1402 1289 1495 1338 verbis

174 1392 200 1428 v.
222 1377 302 1428 tata
317 1377 485 1442 perspicitur
501 1376 588 1428 luisse
604 1391 676 1441 opus
690 1389 806 1428 onerum
819 1380 1014 1442 ponendorum
1032 1373 1113 1446 (cut.)
1131 1391 1137 1428 :
1154 1378 1189 1428 de
1205 1379 1259 1428 boc
1278 1379 1371 1441 operis
1390 1389 1494 1440 genere

176 1467 259 1516 Num.
278 1467 293 1518 8
309 1469 424 1517 nonest
443 1477 549 1526 sermo,
567 1467 616 1517 sed
637 1467 779 1530 praecedit
797 1480 823 1516 v.
846 1469 860 1516 5
876 1480 937 1531 sqq.
959 1467 1122 1517 mandatum
1140 1467 1287 1517 levitarum
1307 1467 1495 1516 consecrando-

175 1569 237 1605 rum
251 1553 365 1618 (Sylu.l;
380 1556 458 1618 atqui
472 1555 507 1605 ad
527 1557 764 1607 consecrationem
784 1556 974 1618 accipiendam
994 1569 1050 1605 non
1067 1557 1161 1616 tanta,
1178 1557 1284 1618 quanta
1303 1555 1338 1604 ad
1357 1554 1494 1618 portanda

177 1657 278 1704 onera,
297 1645 376 1694 aetas
389 1644 539 1706 requiritur
551 1651 579 1694 et
593 1644 685 1694 robur.
703 1644 852 1695 Praeterea
866 1646 1020 1705 nescimus,
1033 1649 1168 1708 quantum
1183 1648 1293 1708 tempus
1306 1643 1495 1694 intercesserit

176 1734 249 1782 inter
262 1733 346 1784 Num.
365 1732 379 1782 4
393 1737 421 1784 et
437 1729 536 1798 8tcurn
556 1733 596 1793 i,i
619 1732 655 1783 ci.
673 1731 739 1799 ild).
761 1733 854 1784 Potuit
868 1731 942 1794 sieri,
959 1738 991 1784 ut
1011 1734 1087 1784 Deus
1101 1734 1192 1796 legem
1211 1733 1295 1784 Num.
1312 1733 1325 1782 4
1340 1734 1427 1782 latam
1441 1732 1494 1780 all·

179 1821 311 1885 quamdiu
325 1825 537 1884 permutaret,
554 1823 643 1873 auctis
661 1823 807 1872 levitarum
822 1823 992 1884 ministeriis,
1010 1828 1057 1873 aut
1072 1836 1128 1886 quo
1142 1822 1220 1872 labor
1235 1824 1263 1870 ln
1277 1822 1372 1886 plures
1389 1820 1495 1870 divisus

175 1915 203 1960 et
216 1911 305 1960 levius
320 1908 437 1960 ierretur
452 1915 480 1960 et
490 1910 603 1974 dignius
612 1909 800 1974 perficeretur.
818 1911 880 1970 Qua
894 1911 1048 1961 mutatione
1064 1911 1203 1961 iudicabat
1214 1910 1298 1959 simul
1314 1911 1403 1970 Deus,
1415 1908 1494 1959 illurn

174 1999 276 2048 aetatis
289 1998 408 2048 limitem
423 2012 480 2049 non
500 2011 563 2050 csse
581 1998 797 2061 immutabilem,
814 1999 864 2051 sed
885 2012 936 2064 pro
955 2000 1123 2050 necessitate
1143 2002 1298 2062 temporum
1317 1997 1492 2048 variandum.

175 2086 265 2146 Quem
282 2099 382 2150 reapse
396 2089 517 2138 variavit
536 2089 595 2151 ipse
612 2088 716 2148 David,
733 2091 780 2152 qul
799 2087 906 2151 pridem
925 2088 934 2137 l
957 2089 1021 2138 Par.
1044 2088 1108 2150 23,3'
1127 2088 1227 2138 levitas
1246 2091 1442 2138 numeraverat
1460 2086 1494 2135 ab

181 2188 255 2225 anno
271 2175 332 2236 300;
349 2176 399 2226 sed
413 2175 460 2226 ubi
472 2177 501 2225 in
516 2176 608 2226 locum
622 2189 738 2226 onerum
752 2176 952 2241 portandorurn
966 2188 1127 2228 successere
1139 2183 1237 2227 cantus
1249 2181 1278 2227 et
1291 2176 1383 2235 ebori,
1399 2186 1495 2226 nume·

178 2265 251 2314 ravit
266 2262 379 2313 eosdem
395 2261 442 2326 (ib.
459 2277 486 2313 v.
503 2264 536 2314 24
553 2267 627 2328 sqq.)
642 2265 677 2315 ab
692 2278 767 2315 anno
781 2278 839 2315 non
852 2265 943 2315 solum
959 2265 1015 2326 250,
1031 2264 1081 2316 sed
1095 2267 1152 2315 ime
1167 2265 1223 2316 20⁰.
1241 2265 1377 2315 Iuvenum
1391 2265 1495 2326 quippe

177 2351 360 2402 flexibiliores
377 2357 444 2402 sunt
462 2357 540 2402 artus
558 2366 697 2417 vocesque
718 2356 871 2403 suaviores.
894 2353 968 2416 Ergo
988 2355 1160 2404 correctione
1179 2365 1358 2403 numerorum
1376 2365 1433 2401 non
1452 2356 1494 2400 est

174 2453 255 2503 opus.
271 2439 350 2490 Sicut
360 2439 402 2500 1,3
414 2445 466 2491 eto.
479 2440 643 2491 dicebantur
653 2440 803 2492 bellatores
815 2443 905 2506 epredi
915 2456 963 2506 per
974 2449 1085 2502 turnus,
1101 2443 1140 2491 ila
1153 2442 1237 2491 etiarn
1251 2440 1305 2504 t‚t.
1316 2440 1359 2490 23.
1371 2439 1419 2500 30;
1432 2439 1494 2500 8,*21

173 2530 276 2580 levitae
292 2542 298 2578 :
315 2530 356 2579 sio
370 2531 521 2594 opponitur
533 2529 633 2581 militia
646 2543 727 2581 sacra
741 2531 856 2582 mllitlae
869 2529 1003 2593 prolanae
1018 2528 1126 2594 (Syia).

223 2743 256 2786 v.
279 2727 299 2787 t
325 2749 341 2783 u
366 2721 429 2787 Ht'c
450 2734 499 2788 est
525 2723 637 2789 cultus
653 2722 807 2811 filiorum
831 2722 939 2790 Cuntlt
959 2745 971 2789 .·
994 2722 1253 2790 tubernaculum
1267 2722 1421 2812 foederis
1438 2722 1494 2808 [et]

178 2839 337 2894 sunctum
361 2840 556 2894 sanctorum
583 2857 613 2897 u,
644 2831 708 2898 Sed
733 2828 858 2920 reliqui
885 2853 892 2898 :
919 2830 983 2896 Hic
1011 2842 1060 2896 est
1082 2829 1193 2896 cultus
1216 2830 1245 2918 s.
1272 2832 1309 2898 C.
1332 2829 1369 2896 in
1385 2831 1494 2896 taber-

175 2932 299 3000 naculo
317 2947 500 3002 conventus
524 2957 536 2999 :
559 2949 717 3002 sanetum
735 2949 942 3004 sanctornm.
960 2937 1074 3004 Sancti
1097 2941 1293 3004 sanctorum
1313 2930 1394 3026 ipsis
1411 2957 1494 3002 eura

174 3039 357 3107 commissa
372 3047 431 3109 est.
455 3047 544 3119 Quae
561 3063 626 3108 vox
650 3049 839 3124 11111336.
863 3050 917 3110 31.
946 3049 989 3109 36
1014 3065 1113 3110 usum
1132 3065 1249 3111 rerum
1269 3041 1489 3129 designabat,

173 3144 293 3223 eadem
319 3169 411 3214 nunc
440 3169 538 3216 usum
569 3150 804 3216 ministrorum
830 3149 1005 3239 exprimit,
1035 3171 1118 3236 ergo
1149 3149 1295 3229 cultum,
1323 3147 1489 3238 officium.

173 3251 257 3319 Eius
280 3252 384 3320 cilicii
407 3275 487 3343 pars
513 3254 610 3344 prior
635 3261 700 3337 est,
721 3277 766 3322 ne
786 3255 853 3345 ipsi
877 3255 921 3322 ad
947 3255 1154 3345 portandum
1175 3255 1357 3334 accedant,
1385 3253 1494 3320 donec

173 3358 370 3426 sacerdotes
389 3382 443 3426 res
466 3383 578 3428 sacras
601 3361 809 3428 involverint
826 3383 833 3428 :
850 3384 883 3428 v.
906 3370 925 3429 5
951 3389 967 3422 «
988 3359 1234 3451 Inpredz'entur
1246 3363 1364 3428 Aaron
1378 3373 1411 3426 et
1426 3359 1495 3450 filu·

171 3464 264 3546 eius,
281 3465 419 3556 qutundo
439 3467 605 3534 movenda
624 3479 702 3534 sunt
720 3479 848 3552 costra,
866 3481 899 3533 et
915 3467 1085 3556 deponent
1105 3468 1235 3552 uelum,
1258 3466 1351 3558 quod
1364 3465 1494 3557 pendet

174 3571 389 3660 [anteferes]
417 3600 433 3635 u
454 3574 561 3640 sancti
587 3579 782 3641 sanctorum
809 3577 879 3664 (Ex.
904 3580 1022 3654 26‚31;
1047 3575 1181 3674 35‚12)3
1212 3603 1228 3636 u
1254 3574 1493 3664 involventque

181 3700 218 3742 eo
240 3702 357 3746 orcam
380 3680 567 3746 testimonii
588 3709 622 3763 u,
644 3703 676 3745 v.
699 3687 718 3747 6
742 3709 758 3742 u
783 3694 815 3747 et
836 3681 989 3771 operient
1010 3704 1146 3747 rursum
1172 3681 1341 3748 uelamine
1363 3680 1493 3747 iuntln'-

180 3808 304 3852 nnrurn
325 3785 474 3877 pellium
501 3815 535 3868 n,
566 3787 609 3854 de
641 3788 766 3877 quibus
790 3788 990 3855 dicebamus
1014 3788 1057 3855 ad
1085 3792 1142 3856 Ex.
1171 3795 1269 3872 525‚5;
1296 3789 1339 3855 cf.
1371 3794 1489 3871 saltn

178 3919 194 3954 u
228 3893 479 3983 extendentque
509 3893 651 3984 desuper
673 3894 822 3982 pallium
838 3906 945 3961 toturn
963 3894 1241 3984 hyacinthinum,
1270 3907 1303 3962 et
1329 3893 1495 3960 inducent

176 4013 283 4066 unctes
307 4029 338 4066 u.
371 4001 457 4067 lllud
481 4000 637 4067 velamen
674 4001 867 4068 ianthinum
895 4007 1042 4068 nonest
1072 4001 1181 4082 idem,
1209 4006 1360 4092 quoEx.
1392 4005 1491 4082 26,st

173 4105 436 4173 tabernaculum
453 4108 645 4195 tegebatur,
668 4107 830 4198 quodque
849 4113 947 4176 Num.
976 4114 1054 4192 135
1073 4107 1268 4175 Gersonitae
1292 4105 1492 4172 deserebant

175 4211 337 4301 (Bonsr.).
356 4217 419 4280 Res
435 4213 575 4304 quaevis
589 4236 685 4281 sacra
697 4215 772 4282 velo
786 4214 902 4304 aliquo
919 4216 1074 4282 ianthino
1091 4212 1351 4280 obvolvebatur.

209 4430 282 4480 Arca
298 4432 326 4480 et
341 4441 439 4480 mensa
449 4443 476 4480 v.
493 4431 508 4480 'l
521 4445 563 4496 sq.
580 4434 654 4484 trlna
664 4431 805 4484 habebant
817 4433 976 4494 involucra,
990 4446 1047 4496 quo
1061 4433 1164 4482 certius
1174 4443 1191 4480 a
1200 4429 1379 4494 prutenorum
1391 4431 1491 4481 obtutu

173 4524 386 4570 removerentur
394 4531 400 4578 ;
417 4521 527 4570 ceterae
541 4531 586 4571 res
599 4534 696 4572 sacrae
709 4521 783 4572 bina.
801 4520 925 4580 Quarum
937 4521 1112 4572 involucrum
1124 4521 1246 4571 exterius
1260 4520 1320 4570 erat
1335 4518 1492 4570 ianthinum

174 4605 208 4672 (v.
227 4607 253 4656 8.
269 4605 489 4672 10.tt.12.14).
506 4607 594 4659 solius
613 4622 695 4662 arcae
716 4610 940 4674 hyacinthinum,
956 4615 987 4660 ut
1006 4623 1040 4660 ea
1057 4609 1102 4658 vel
1116 4610 1177 4674 ipso
1192 4609 1338 4660 exterioris
1356 4607 1492 4657 involucri

172 4695 268 4746 colore
283 4708 300 4745 a
313 4696 431 4762 reliquls
446 4695 660 4749 discerneretur.
677 4699 783 4748 Harum
797 4711 813 4748 e
828 4699 924 4749 contra
938 4697 1114 4748 involucrum
1132 4697 1249 4748 interius
1263 4698 1323 4748 erat
1337 4695 1492 4759 hyacinthi·

175 4795 246 4832 uum
262 4785 299 4845 (v.
310 4785 334 4834 l.
346 4785 371 4835 9.
385 4785 426 4836 11.
440 4783 492 4850 ts),
507 4789 619 4849 praeter
632 4787 728 4836 altaris
742 4786 899 4838 holocausti
916 4782 950 4852 (v.
964 4785 1016 4852 13),
1032 4785 1106 4850 quod
1120 4798 1245 4849 purpura
1258 4785 1403 4848 sanguinis
1417 4782 1491 4833 colo·

173 4883 238 4922 rem
256 4872 427 4924 imitabatur.
442 4900 477 4912 -
497 4873 644 4933 Quomodo
663 4874 792 4926 dicuntur
809 4875 902 4925 induci
916 4880 1012 4936 vectes,
1029 4875 1076 4938 qul
1094 4873 1145 4925 llx.
1166 4874 1246 4935 tals
1261 4871 1426 4923 vetabantur
1437 4885 1491 4921 un-
