3522 5410
617 1789 734 1885 LEO
773 1790 866 1886 ΡΡ.
899 1791 1038 1887 ΧΙΙΙ.

294 2378 419 2443 Dilecti
434 2377 527 2452 Filii,
545 2377 726 2443 salutemet
744 2377 951 2460 apostolicam
969 2374 1218 2440 benedictionem.

300 2599 402 2681 Quam
416 2597 518 2664 Nobis
536 2598 624 2664 cordi
637 2602 695 2673 sit,
708 2607 744 2662 ut
760 2598 950 2663 Divinarum
967 2594 1136 2674 Librorum
1150 2596 1260 2662 studia
1274 2601 1414 2684 oiqeant,

251 2705 375 2772 abundo
389 2713 544 2771 testantur·
558 2704 719 2778 Litterae,
731 2725 811 2789 quas
825 2703 864 2768 de
879 2703 1058 2788 Scmpturis
1074 2703 1186 2768 Sacris
1197 2703 1243 2768 ad
1253 2707 1414 2772 universos

252 2809 335 2878 orbis
354 2809 500 2876 catholici
516 2813 680 2894 episcopos
697 2808 813 2875 abbinc
828 2807 927 2874 tribus
944 2811 1040 2875 annis
1056 2809 1211 2874 dedimus.
1228 2811 1269 2874 In
1286 2811 1414 2896 quibus,

253 2916 434 2982 Bibliorum
458 2916 631 2982 Sacrorum
652 2915 808 3002 diqnitate
825 2937 864 2980 ac
887 2915 1057 2999 multiplici
1076 2915 1214 2980 utilitate
1236 2917 1414 2994 illustrata,

248 3024 323 3107 fase
347 3023 385 3088 de
403 3021 592 3088 ordinandis
610 3043 715 3086 eornm
733 3022 849 3088 studiis
868 3024 1132 3106 perscripsimus·
1146 3031 1177 3086 et
1194 3030 1229 3086 ut
1248 3024 1409 3109 qlisoenti·

252 3129 309 3196 bus
327 3151 466 3195 errorum
487 3125 693 3212 opinionibus
705 3128 838 3212 plenior
856 3137 885 3192 et
903 3130 1083 3192 accuratior
1102 3129 1136 3192 in
1155 3148 1246 3193 sacro
1264 3130 1348 3194 clero
1367 3133 1414 3194 in-

253 3240 377 3304 stitutio
395 3243 589 3319 opponatur,
602 3242 714 3318 aptam
730 3237 890 3298 innuimus
908 3236 1063 3298 rationem
1080 3243 1108 3298 ct
1126 3236 1207 3298 ciam
1220 3237 1414 3317 praeclarae

253 3343 344 3408 buius
358 3340 491 3424 discipli
494 3361 554 3404 nae
569 3337 753 3404 tradendae.
773 3338 843 3418 Qua
859 3342 892 3403 iu
907 3360 941 3403 re
952 3338 990 3402 id
995 3339 1206 3422 peculiariter
1219 3341 1413 3405 commenda-

254 3459 322 3514 tum
339 3449 508 3521 noluimus,
525 3455 559 3510 ut
576 3467 655 3530 quae
668 3467 690 3510 a
705 3445 924 3510 doctrinarum
937 3456 1139 3510 orimnorum
1151 3448 1271 3529 peritis
1284 3447 1414 3512 eisdem·

252 3575 310 3640 que
325 3551 435 3636 infido
449 3550 607 3617 catbolica
613 3551 720 3634 firmis
735 3572 774 3615 en
790 3553 969 3638 linqnarum
984 3549 1168 3616 biblicarum
1181 3555 1309 3628 notitia,
1323 3574 1364 3617 erc
1379 3573 1414 3618 re
1534 3602 1538 3610 .

253 3660 401 3726 bistorica
416 3659 465 3724 ool
478 3678 519 3722 cx
527 3657 731 3742 pbqsicorum
745 3657 928 3741 disciplinis
941 3655 1154 3741 similibusque
1168 3658 1283 3724 studiis
1295 3679 1413 3743 oppor-

253 3780 325 3832 tune
343 3773 565 3853 supponuntur,
578 3785 615 3828 ea
630 3761 798 3829 Librorum
816 3763 1009 3828 Dioinorurn
1028 3783 1082 3827 scu
1096 3765 1269 3828 sententiae
1283 3767 1414 3847 plenius

252 3869 462 3957 arripiendae
478 3891 533 3935 seu
551 3871 680 3934 ceritati
697 3868 908 3934 vindicandae
925 3870 1051 3934 minime
1065 3878 1323 3952 praetereantur.

297 3978 389 4041 Haec
412 3978 536 4042 Nostra
560 3997 628 4040 cum
653 3978 717 4040 sint
741 3983 869 4060 optata,
887 3995 938 4040 eos
958 3975 1126 4060 perutilem
1146 3996 1265 4040 narare
1286 3997 1414 4060 operam

254 4085 484 4156 existimamus,
503 4085 685 4167 quicumque
705 4081 886 4165 Scripturis
906 4079 1017 4146 Sacris
1034 4084 1095 4146 rite
1114 4081 1306 4148 enarrandis
1324 4091 1412 4147 tuen-

129 4235 136 4254 .
253 4186 361 4270 disque
373 4192 494 4253 animos
509 4210 546 4252 ac
560 4188 760 4274 diliqontiam
774 4187 950 4253 intendunt.
974 4187 1034 4252 Vos
1050 4197 1168 4262 autem,
1181 4185 1306 4252 Dilecti
1317 4188 1410 4263 billi,

252 4291 306 4358 bos
326 4293 487 4358 inteream
508 4292 603 4358 laude
620 4315 891 4370 connumeramus,
908 4294 966 4379 qui
981 4293 1103 4358 iamdiu
1123 4290 1226 4358 labore
1241 4293 1331 4358 baud
1346 4297 1414 4358 eai-

248 4420 311 4487 quo
333 4399 462 4482 acrique
482 4401 603 4484 inqenio
624 4398 740 4466 Libros
760 4420 864 4466 omnes
883 4399 1001 4465 Sacros
1016 4401 1180 4484 perpetuis
1204 4399 1414 4465 notationibus

252 4501 465 4570 illustrandos
482 4507 678 4588 suscepistis.

299 4613 435 4698 Eqreqii
449 4613 556 4693 operis
570 4610 746 4687 volumino,
757 4633 837 4696 quoe
851 4610 954 4677 adbuc
967 4609 1113 4676 edidistis
1129 4632 1269 4696 quaeque
1284 4612 1415 4676 Nemini

251 4717 372 4784 Nostro
390 4714 533 4782 dicanda
557 4713 687 4780 libenter
705 4721 929 4791 concessimus,
937 4727 1087 4802 perqrato
1105 4719 1211 4781 auimo
1227 4720 1412 4800 ‹occepimus
