3572 5396
271 367 331 452 rea
771 407 809 450 ua
829 406 911 450 sruxr
934 406 966 448 ru
989 405 1091 450 exuas.

273 562 341 607 esse
369 542 571 630 pronuntiat
599 538 718 606 Dillm.
752 543 874 606 Verum
907 547 1040 606 tantum
1069 539 1183 623 abest,
1211 544 1249 604 ut
1281 523 1365 606 haec
1398 563 1461 606 vox
1486 541 1593 608 serius

172 715 173 718 ,
272 646 404 714 adiecta
428 646 488 730 sit,
516 653 553 713 ut
575 646 687 736 potius
709 646 785 734 ipsa
816 668 886 713 una
907 646 1007 712 nobis
1037 647 1128 712 viam
1156 645 1302 734 pandat,
1327 645 1378 712 'ad
1406 652 1592 714 eventuum

270 753 393 820 seriem
420 752 657 820 evolvendam.
685 752 748 819 Ubi
771 753 927 840 suggerit
953 753 1084 840 Hense,
1112 775 1180 842 quo
1208 753 1361 819 virorum
1382 752 1485 820 tidem
1509 777 1591 843 pro-

271 858 383 940 baret,
411 858 597 926 decrevisse
621 864 741 942 Deum,
768 864 806 925 ut
832 859 875 926 ad
905 859 1056 948 primum
1080 858 1185 926 ictum
1215 881 1305 948 aqua
1327 883 1397 926 uon
1422 859 1588 950 prodiret;

104 949 110 1050 .
134 975 152 1000 ⁹
270 966 351 1032 hinc
365 965 443 1032 illos
458 965 710 1055 obstupefactos
724 967 761 1031 in
781 965 849 1032 fide
864 965 1045 1046 titubasse,
1067 964 1240 1032 infirmam
1254 965 1360 1034 tidem
1373 965 1486 1032 verbis
1497 990 1529 1034 v.
1550 974 1590 1034 10

270 1073 481 1160 expressisse.
505 1071 570 1138 Sed
589 1073 675 1139 haec
696 1072 877 1161 explicatio
897 1072 1049 1158 gratuito
1068 1070 1236 1161 quaedam
1259 1072 1395 1159 effingit
1413 1094 1420 1140 :
1441 1073 1590 1162 primum

269 1177 357 1244 illud
378 1179 438 1245 Dei
461 1178 638 1246 decretum
660 1199 805 1267 eamque
833 1180 986 1246 virorum
1007 1177 1244 1245 tentationem.
1272 1183 1450 1246 Praeterea
1471 1179 1591 1246 obvius

103 1269 126 1292 ”¹
180 1359 181 1364 .
268 1306 386 1350 sensus
408 1284 615 1351 narrationis
640 1306 673 1351 v.
702 1291 742 1351 10
765 1307 817 1374 sq.
838 1284 894 1352 hic
913 1290 978 1367 est,
1001 1290 1039 1350 ut
1057 1284 1164 1350 verba
1184 1306 1217 1350 v.
1244 1292 1284 1350 10
1312 1290 1436 1372 Moyses
1458 1285 1591 1352 locutus

268 1391 310 1456 sit
328 1412 397 1457 nou
417 1392 509 1458 inter
529 1390 682 1481 primum
703 1395 738 1457 et
755 1391 963 1473 secuudum,
980 1389 1039 1457 sed
1054 1396 1132 1458 aute
1146 1395 1330 1480 utrumque
1352 1391 1471 1460 ictum.
1488 1392 1590 1478 Magis

268 1519 308 1563 ex
327 1520 364 1563 re
381 1496 561 1564 adstruunt
575 1501 670 1587 Lyn,
685 1496 805 1581 Malu,
822 1497 901 1564 ideo
919 1497 1122 1586 percussisse
1136 1501 1269 1584 Moysen
1283 1519 1405 1586 rupem
1421 1497 1587 1581 secundo,

268 1603 350 1692 quia
369 1603 411 1669 ad
434 1604 585 1692 primum
606 1604 711 1670 ictum
730 1623 801 1670 non
821 1605 1016 1693 proruperit
1035 1625 1141 1692 aqua,
1163 1603 1242 1670 ideo
1259 1603 1302 1670 ad
1318 1605 1470 1694 primum
1483 1605 1589 1672 ictum

267 1731 336 1776 non
353 1711 566 1799 prorupisse,
584 1709 665 1800 quia
677 1710 747 1776 iam
767 1715 845 1776 ante
865 1709 964 1776 illum
976 1709 1043 1775 fide
1063 1709 1250 1778 defecerint
1268 1709 1333 1776 viri
1346 1710 1409 1778 illi.

313 1820 459 1882 Eventus
482 1815 530 1882 ita
552 1815 772 1905 explicamus
797 1821 1028 1883 Murmurantc
1052 1817 1181 1906 populo
1200 1821 1326 1904 Moyses
1345 1823 1379 1882 et
1394 1822 1519 1898 Aaron,
1537 1819 1589 1885 uti

267 1922 365 2002 aliaS,
383 1944 497 1988 coram
511 1921 656 1988 Domino
671 1923 830 2011 prostrati
848 1921 1121 1989 misericordiam
1137 1922 1378 2012 impetravere,
1395 1922 1477 1990 iussi
1489 1925 1589 2010 virga

268 2051 393 2118 aquam
409 2051 426 2095 e
444 2051 530 2118 rupe
550 2028 684 2095 elicere.
708 2035 749 2095 At
770 2049 840 2098 non
862 2028 999 2109 eadem,
1019 2034 1122 2117 atque
1141 2028 1292 2118 pridem,
1314 2029 1380 2096 fide
1396 2029 1589 2116 agebantur

266 2135 343 2222 ipsi,
355 2134 555 2224 exasperati,
572 2135 801 2224 impatientes
816 2157 927 2224 neque
941 2135 984 2200 de
996 2140 1063 2202 Deo
1077 2157 1184 2224 aeque
1195 2134 1264 2202 alte
1276 2135 1460 2206 sentientes
1476 2158 1588 2225 neque

268 2242 435 2330 populum
459 2227 582 2308 codem
603 2241 726 2308 ardore
749 2240 931 2330 complexi.
958 2239 1130 2308 Taedebat
1152 2241 1350 2324 turbarum,
1377 2241 1588 2310 intercessio-

267 2369 367 2428 num,
394 2347 464 2413 imo
484 2353 735 2438 portentorum.
751 2352 815 2413 Hos
834 2369 952 2413 sensus
971 2347 1038 2438 ipsi
1053 2347 1168 2414 verbis
1187 2371 1220 2414 v.
1242 2355 1282 2414 10
1303 2358 1336 2415 et
1350 2348 1427 2414 aliis
1446 2350 1588 2416 fortasse
1687 2373 1695 2388 ⁸

266 2453 426 2543 pluribus
441 2476 633 2543 expressere
651 2475 658 2521 :
677 2453 784 2520 locuti
795 2467 873 2520 sum
887 2477 984 2520 corve.
1002 2459 1075 2521 Non
1088 2459 1162 2521 crat
1176 2454 1261 2521 haec
1281 2460 1403 2540 vegeta
1418 2462 1451 2520 et
1466 2456 1589 2522 ardeus

267 2561 362 2626 lidos.
388 2559 451 2626 Ubi
478 2560 559 2626 dein
584 2567 709 2647 Moyses
725 2559 844 2650 primo
867 2560 935 2626 eice
960 2582 1030 2626 non
1059 2590 1074 2622 κ
1103 2565 1281 2649 tamquam
1307 2561 1352 2626 ad
1376 2561 1584 2628 incertum»

269 2667 404 2756 (nup),
427 2667 485 2733 scd
505 2666 618 2733 valide
641 2673 673 2733 et
691 2665 848 2733 alacriter
866 2667 1030 2754 percussit
1042 2674 1192 2757 petram,
1211 2667 1300 2734 ictus
1321 2667 1442 2734 effectu
1465 2671 1585 2735 caruit.

267 2772 385 2864 Cogita
417 2772 535 2862 populi
574 2773 851 2850 admirationem,
879 2780 1063 2854 terrorem,
1093 2772 1383 2858 indignationem,
1399 2779 1587 2841 castrorum

267 2877 577 2968 perturbationem,
602 2901 681 2946 cum
707 2879 821 2966 virga,
847 2901 934 2968 quac
963 2899 1098 2968 semper
1121 2880 1265 2945 antehac
1294 2879 1339 2946 ad
1361 2887 1484 2947 nutum
1508 2902 1588 2971 por-

193 3015 194 3018 *
268 2991 360 3052 teuta
385 2984 560 3068 edidisset,
588 2984 724 3054 nullum
747 2987 817 3051 iam
842 2985 998 3051 ess'ectum
1021 2986 1285 3052 nancisceretur.
1313 2985 1379 3052 xlii
1398 3009 1431 3052 se
1451 2987 1587 3054 alahve

268 3091 447 3159 derelictos
474 3093 719 3180 querebantur,
745 3091 805 3158 alii
831 3093 956 3158 lahven
981 3093 1084 3157 inane
1114 3113 1258 3173 numen,
1285 3097 1419 3180 Moysen
1441 3093 1587 3182 pseudo-

266 3199 470 3288 prophetam
489 3197 750 3287 appellitabaut.
769 3198 889 3264 Omnia
906 3197 1149 3280 miscebantur,
1168 3199 1269 3266 unico
1289 3205 1461 3266 momento
1481 3200 1586 3267 colla-

266 3305 413 3371 bebatur
430 3304 577 3370 duorum
595 3326 763 3371 annorum
787 3303 898 3370 labor.
921 3288 1125 3370 conturbati
1147 3305 1318 3394 imprimis
1341 3306 1437 3372 suere
1463 3312 1587 3393 Moyses

167 3397 169 3404 ’
268 3418 300 3476 ot
317 3417 445 3496 Aaron,
471 3433 618 3500 quorum
639 3416 711 3477 tota
740 3411 810 3476 iam
835 3411 1018 3477 auctoritas
1041 3411 1172 3478 incerta
1196 3410 1394 3492 vacillabat,
1421 3411 1491 3477 vita
1514 3412 1587 3501 ipsa

267 3517 303 3581 iu
323 3516 505 3584 discrimen
530 3517 727 3584 vocabatur.
747 3521 873 3584 Tamen
898 3516 1076 3583 humilitas
1097 3517 1275 3602 generavit
1297 3517 1436 3584 admissi
1455 3519 1587 3607 peccati

266 3623 496 3709 agnitionem,
518 3623 650 3710 agnitio
670 3626 992 3713 compunctionem,
1015 3623 1294 3713 supplicatioucS,
1320 3623 1584 3713 poeniteutiam,

257 3728 374 3796 'donec
395 3751 530 3796 rursum
549 3729 594 3796 ad
616 3731 673 3796 Dei
702 3729 829 3797 iussum
847 3737 963 3796 coacto
982 3729 1112 3818 populo
1132 3730 1236 3820 plena
1258 3737 1291 3798 ct
1310 3753 1398 3820 pura
1410 3729 1479 3798 fide
1497 3739 1586 3820 Moy-

267 3857 318 3904 ses
334 3837 500 3924 percussit
515 3842 648 3924 petram
662 3835 812 3902 secunda
826 3837 897 3902 cicc
912 3843 945 3902 et
959 3841 1148 3926 eruperunt
1169 3863 1184 3898 a
1200 3859 1310 3927 aquae
1325 3837 1538 3924 largissimae
1554 3866 1583 3906 u.

267 3943 432 4010 Restituta
446 3943 564 4031 Moysis
579 3941 778 4023 auctoritas,
797 3948 831 4008 at
846 3941 949 4008 simul
962 3942 994 4007 ei
1006 3948 1040 4008 et
1058 3944 1183 4009 aaroni
1199 3942 1328 4010 indicta
1342 3965 1464 4031 poena.

312 4048 375 4116 Sed
395 4048 484 4115 redit
499 4048 668 4139 quaestio,
693 4071 794 4138 quam
812 4071 918 4137 supra
936 4048 1190 4135 attingebamus
1212 4072 1218 4116 :
1237 4071 1299 4116 cur
1323 4072 1395 4116 uon
1414 4050 1499 4117 baec
1515 4073 1586 4117 om-

265 4156 324 4221 nia
338 4161 522 4222 narrantur
535 4155 715 4222 distincte?
730 4178 790 4221 cur
803 4177 843 4220 ea
860 4177 878 4219 e
898 4160 1053 4221 contextu
1068 4162 1101 4221 et
1115 4179 1132 4221 e
1148 4156 1272 4222 vocula
1291 4155 1340 4222 bis
1355 4156 1505 4223 eruenda
1521 4156 1587 4223 lin·

267 4263 440 4351 quuntur?
464 4261 574 4342 Dices,
599 4261 656 4327 hic
676 4281 811 4327 rursum
839 4261 1014 4327 observari
1038 4261 1143 4342 illud,
1174 4261 1265 4350 quod
1288 4265 1384 4329 CEL
1402 4286 1438 4352 p.
1466 4271 1485 4331 3
1507 4285 1582 4353 sqq.

267 4368 481 4448 dicebamus,
501 4367 721 4434 Pentateuchi
740 4366 972 4433 narrationem
992 4368 1143 4435 virorum
1162 4368 1430 4436 reverendorum
1446 4375 1587 4459 peccata

266 4474 434 4558 attingere
457 4473 578 4540 leviter
599 4479 732 4540 tantum
754 4480 787 4539 et
810 4494 888 4538 cum
920 4473 1130 4558 reverentia,
1146 4497 1216 4541 non
1237 4475 1429 4542 describere
1448 4477 1509 4542 scd
1531 4476 1585 4541 iu·

266 4581 396 4658 dicare;
414 4579 449 4646 id
470 4579 641 4669 imprimis
660 4577 789 4646 sactum
808 4601 877 4646 esse
897 4579 1013 4669 quoad
1036 4587 1175 4670 peccata
1192 4582 1406 4650 sacerdotum
1428 4603 1586 4671 praemo-

265 4687 451 4766 saicorum,
478 4685 641 4774 idemque
666 4686 703 4752 h.
728 4684 752 4750 l.
781 4685 857 4752 fieri
882 4685 998 4776 quoad
1024 4695 1202 4776 peccatum
1227 4690 1343 4776 Moysis
1367 4693 1399 4754 et
1423 4689 1582 4770 saronis,

266 4793 359 4887 quod
381 4795 428 4862 ita
447 4793 517 4862 fere
538 4792 728 4860 dissimulet
746 4798 856 4860 textus
882 4799 1011 4874 noster,
1039 4793 1089 4860 uti
1106 4797 1183 4860 Sem
1206 4800 1240 4860 et
1259 4796 1401 4883 lapheth
1417 4817 1584 4884 operuere
