3538 5404
272 432 312 490 49
699 439 777 482 ACTA
798 436 954 480 SINAITICA
976 436 1170 480 Posrnfflonrr.

269 586 302 647 et
316 580 457 644 fortasse
471 576 555 642 item
570 577 662 656 3,16.
680 578 734 639 39.
753 577 794 638 39
806 610 851 619 -
868 598 883 631 «
894 569 986 659 filios
1001 569 1110 637 Caatle
1119 593 1183 660 per
1196 576 1417 662 cepnationes
1429 591 1462 644 et
1475 576 1590 644 deuios

262 697 406 777 patrum
428 703 568 750 suorum
585 708 601 742 »
610 733 620 764 ,
642 700 675 746 v.
693 684 735 745 35
753 705 769 737 (ι
785 700 809 743 a
824 676 971 766 tripinto
986 677 1091 743 annis
1105 690 1137 744 et
1150 701 1257 768 supra
1272 703 1378 767 usqece
1393 681 1442 749 od
1456 707 1588 752 anitum

266 790 606 882 quinpraapesimum,
618 783 806 874 omnesqui
822 781 1065 873 inprecliuntur
1074 784 1122 850 ad
1131 785 1363 854 ministerium
1376 791 1591 858 tabernaculi

260 898 411 986 foederis
435 917 470 978 »ς
498 919 531 960 v.
554 900 596 960 36
616 919 632 953 «
657 903 690 957 et
707 889 839 957 inuenti
858 902 937 956 sunt
951 889 1020 957 duo
1047 889 1163 958 millia
1188 893 1400 983 septinpenti
1414 899 1590 988 quinqua-

262 1007 362 1097 pinta
381 1032 409 1070 s.
434 1025 465 1068 v.
493 1008 534 1067 37
557 1029 573 1061 u
600 998 667 1065 Hic
681 1010 730 1064 est
743 1019 906 1062 66666665
919 996 1043 1086 populi
1058 997 1184 1082 Gnatis,
1202 999 1264 1088 qui
1278 1002 1414 1069 intrant
1428 1003 1588 1071 taberna-

264 1113 380 1179 culum
397 1107 567 1198 foederi&
588 1105 648 1172 lios
664 1104 861 1171 numeravit
875 1106 1006 1192 Moyses
1021 1115 1053 1170 et
1071 1107 1189 1171 Aaron
1205 1105 1305 1174 irenta
1320 1128 1509 1178 sermonem
1522 1115 1589 1176 Do-

266 1217 353 1285 mini
362 1239 427 1307 per
442 1236 583 1282 mantem
602 1211 715 1301 Mopsi
737 1239 751 1271 »
769 1212 910 1277 factum.

310 1349 343 1390 v.
361 1329 403 1390 38
425 1350 441 1384 u
463 1318 645 1388 Numerati
661 1331 741 1384 sunt
756 1330 790 1384 et
799 1315 870 1406 filii
890 1317 1018 1383 Gerson
1029 1339 1093 1407 per
1108 1320 1332 1406 copnotiones
1345 1333 1377 1388 et
1394 1321 1511 1390 donros
1523 1347 1587 1414 pa-

267 1445 357 1498 trum
377 1451 516 1496 suorum
533 1455 567 1509 s,
588 1448 620 1492 v.
643 1431 684 1492 39
707 1452 722 1485 6
741 1447 764 1489 6
779 1423 926 1513 tripinta
940 1423 1044 1490 annis
1063 1438 1094 1492 et
1107 1447 1214 1515 suma
1228 1449 1335 1518 usque
1350 1427 1398 1494 acl
1411 1428 1588 1519 quinqua-

266 1538 434 1628 pesimum
445 1555 592 1620 annum,
606 1529 796 1620 omnesqui
808 1529 1051 1620 inpediuntur
1061 1544 1100 1597 ut
1110 1533 1306 1600 ministrent
1322 1535 1358 1600 in
1369 1534 1588 1604 tabernaculo

262 1643 416 1735 foederis
435 1661 469 1720 >›;
488 1664 519 1708 v.
544 1647 585 1708 30
604 1665 619 1700 u
630 1650 662 1705 et
678 1637 808 1704 inuenti
819 1649 899 1702 sunt
914 1635 982 1703 tao
995 1637 1109 1705 millia
1123 1640 1275 1706 sescenti
1288 1641 1436 1731 tripinto
1450 1670 1481 1711 ».
1494 1667 1526 1712 v.
1547 1651 1585 1711 31

270 1781 285 1812 (ι
310 1754 344 1816 H
346 1751 376 1816 ie
390 1761 437 1816 est
446 1746 598 1838 populus
611 1743 886 1828 Gersonitarum,
900 1766 983 1833 piros
997 1758 1265 1813 numeraverunt
1284 1751 1416 1838 Moyses
1429 1761 1461 1816 et
1472 1753 1588 1818 Aaron

267 1858 365 1924 irrata
378 1857 515 1922 uerbum
530 1852 670 1918 Domini
686 1880 717 1918 ».

309 1989 342 2031 v.
363 1969 403 2031 39
420 1990 436 2023 «
459 1958 644 2029 Numerati
657 1970 738 2024 sunt
762 1957 871 2048 etfilii
888 1959 1020 2025 Merori
1025 1980 1092 2048 per
1107 1959 1328 2048 cepnationes
1346 1974 1379 2028 et
1398 1961 1515 2029 domos
1523 1985 1589 2053 pa-

267 2085 355 2136 trum
370 2090 508 2136 suorum
530 2095 565 2146 r,
585 2089 618 2133 v.
643 2072 685 2133 33
708 2093 724 2126 s
748 2087 769 2130 a
794 2063 940 2153 tripinta
959 2065 1062 2131 annis
1085 2077 1118 2132 et
1136 2089 1242 2156 supra
1264 2089 1369 2158 usque
1391 2067 1439 2135 acl
1457 2091 1588 2136 anuum

266 2173 612 2268 quinquepesimum,
636 2194 751 2241 omnes
768 2170 831 2260 qui
846 2170 1093 2258 inprecliuntur
1104 2172 1153 2238 acl
1165 2172 1350 2263 explendos
1367 2175 1454 2242 ritus
1475 2175 1586 2243 taber-

267 2281 386 2350 naculi
397 2281 543 2370 foederis
560 2301 596 2362 »;
614 2302 647 2345 v.
672 2285 713 2346 33
735 2305 750 2339 u
773 2291 806 2344 et
824 2277 957 2344 inuenti
975 2290 1055 2344 stent
1069 2278 1138 2344 tria
1152 2279 1265 2346 millio
1285 2279 1424 2348 discenti
1443 2311 1472 2350 ».
1492 2307 1522 2350 v.
1546 2291 1586 2351 35

270 2420 286 2452 «
304 2390 368 2455 llic
384 2399 432 2454 est
447 2408 608 2454 nurnerus
619 2385 773 2475 filiorum
792 2384 936 2470 Merari,
962 2407 1046 2473 quos
1062 2399 1302 2454 recensuerunt
1324 2391 1457 2478 Mopses
1471 2403 1502 2455 et
1519 2395 1588 2456 Aa·

268 2519 330 2562 ron
346 2496 446 2561 iscula
461 2493 644 2584 imperium
655 2491 797 2558 Domini
806 2514 869 2582 per
882 2513 1026 2558 ouantem
1042 2492 1154 2582 Mopsi
1173 2520 1201 2558 s.

312 2626 345 2669 6.
365 2607 406 2669 36
424 2629 440 2662 «
460 2602 597 2684 Omnes,
617 2598 943 2685 quirecensitisunt
960 2597 1147 2683 delenitis,
1168 2609 1200 2665 et
1220 2623 1305 2689 piros
1320 2601 1489 2670 recenseri
1504 2602 1588 2690 feeit

272 2707 479 2798 [adnomen]
506 2708 638 2794 Moyses
663 2717 695 2770 et
721 2705 838 2770 Aaron
862 2717 895 2770 et
911 2703 1090 2794 principes
1109 2705 1219 2772 lsrael
1229 2728 1295 2795 per
1317 2709 1537 2797 eopnationes
1556 2722 1588 2774 et

267 2816 382 2882 clomos
392 2825 531 2903 patrum
548 2834 687 2879 suorum
705 2837 740 2898 n,
758 2833 792 2876 v.
810 2815 850 2876 37
875 2840 889 2872 «
907 2833 928 2877 a
944 2809 1092 2900 tripiuta
1105 2813 1207 2880 annis
1222 2825 1254 2878 et
1276 2835 1380 2903 supra
1394 2814 1585 2883 etiannum

266 2919 599 3012 quinquapesimum,
626 2917 856 3006 inpreelientes
876 2915 925 2983 acl
943 2917 1173 2985 ministerium
1189 2921 1406 2986 tabernaculi
1429 2935 1461 2986 et
1485 2945 1587 2989 onera

260 3024 435 3117 portanda
449 3053 465 3088 »
473 3079 484 3110 ‚
501 3047 534 3092 v.
553 3029 595 3092 38
612 3051 628 3086 s<
641 3027 789 3113 suerunt
802 3021 910 3089 simul
924 3035 997 3089 octo
1018 3024 1134 3091 millia
1156 3025 1341 3115 quinpeuti
1356 3027 1532 3115 oetopintu
1555 3055 1584 3096 s.

308 3139 483 3201 Summam
509 3127 744 3198 6611565636
766 3152 842 3220 sqq.
867 3128 991 3219 exeipit
1009 3153 1041 3196 V.
1066 3137 1108 3200 39
1124 3131 1282 3198 clausola
1300 3133 1474 3222 pomerolis
1493 3135 1585 3201 affir-

265 3263 378 3322 mans,
396 3261 535 3307 censum
551 3261 571 3305 e
585 3243 692 3325 Moyse
706 3241 883 3326 peractum
897 3258 1049 3303 essenon
1063 3239 1195 3326 privato
1212 3239 1354 3320 iudicio,
1373 3239 1432 3305 sed
1447 3243 1585 3308 omnino

266 3348 397 3413 ratione
412 3370 432 3413 a
446 3352 512 3413 Deo
525 3348 808 3434 praemonstrate.
828 3343 889 3410 Ubi
905 3342 1054 3410 delenda
1068 3366 1148 3410 cum
1165 3343 1263 3434 Vulp.
1283 3368 1347 3411 vox
1362 3361 1425 3418 un,
1444 3370 1531 3436 quae
1544 3347 1587 3413 ed

265 3452 494 3520 imitationem
514 3475 544 3515 v.
563 3458 616 3518 37.
634 3458 675 3518 35
695 3449 832 3516 videtur
846 3449 1033 3538 irrepsisse.
1050 3454 1133 3516 Cum
1150 3451 1242 3518 enim
1257 3475 1289 3518 v.
1308 3457 1348 3519 36
1360 3457 1486 3540 Moyses
1506 3455 1586 3520 seri-

267 3560 369 3626 butur
387 3559 466 3624 illos
484 3558 708 3640 recensuisse,
731 3555 904 3648 quomodp
924 3577 1018 3623 nnnc
1036 3565 1148 3646 potest
1169 3557 1238 3624 dici
1253 3558 1382 3648 aliquis
1398 3580 1454 3626 eos
1469 3581 1587 3627 recen-

266 3666 370 3731 suisse
382 3686 444 3754 per
458 3667 613 3751 Moysen?
628 3686 659 3728 v.
677 3669 719 3728 39
735 3691 749 3724 e
767 3665 867 3727 lueto
882 3661 1021 3728 oerlmm
1035 3663 1175 3729 Domini
1189 3665 1357 3742 recensuit
1372 3689 1427 3732 eos
1441 3669 1586 3756 Moysen

267 3793 546 3861 unumquemque
565 3770 663 3836 iiceta
684 3768 837 3857 offici-um
853 3781 884 3834 et
905 3792 1008 3835 onera
1026 3792 1107 3851 sua,
1127 3770 1216 3837 sicut
1231 3785 1454 3862 praeceperat
1470 3773 1503 3839 ei
1520 3778 1587 3839 Do-

268 3877 382 3946 minus
408 3905 438 3944 o.
464 3879 559 3945 Sam.
576 3879 667 3943 LXX
686 3889 787 3940 6661.

561 4113 599 4162 Β.
619 4111 727 4173 Leges
748 4123 808 4173 pro
828 4108 956 4161 eastris
976 4109 1071 4161 latae
1091 4111 1186 4162 Num.
1207 4111 1228 4162 5
1248 4125 1298 4175 sq.

311 4295 404 4361 Sicut
421 4296 576 4361 institute
596 4315 687 4359 nova
708 4315 805 4359 saern
824 4297 879 4359 Ex.
906 4298 947 4358 n
964 4330 1007 4342 —
1021 4297 1098 4358 Lev.
1119 4301 1159 4360 10
1175 4295 1368 4384 excipiebat
1382 4301 1459 4362 Lev.
1484 4302 1585 4364 11-15

266 4401 375 4467 Thore
397 4401 571 4467 tlunditiei
594 4406 628 4466 et
649 4406 724 4466 Lev.
755 4405 857 4467 18-99
883 4399 994 4466 Thone
1021 4401 1229 4480 SanctitetiS,
1256 4403 1306 4469 ite
1331 4411 1407 4491 post
1429 4403 1588 4470 ordinate

267 4511 365 4574 Num.
390 4513 446 4574 1-3
466 4521 579 4572 castra
603 4509 757 4574 feruntur
782 4505 934 4595 quinque
955 4506 1065 4591 legeS‚
1091 4529 1179 4595 quae
1199 4507 1276 4575 illes
1289 4510 1407 4576 thorus
1421 4533 1484 4599 pro
1499 4515 1587 4576 tem·

267 4637 390 4704 porum
404 4614 602 4680 necessitate
618 4615 789 4680 inculcent
803 4618 863 4679 eut
875 4611 1081 4700 compleant.
1100 4619 1248 4690 Quarum
1269 4621 1336 4682 tres
1357 4622 1436 4682 sunt
1455 4616 1498 4684 de
1514 4639 1587 4683 me-

268 4722 311 4788 lis
326 4720 488 4802 vitandis,
516 4719 605 4787 duee
626 4720 668 4786 de
694 4719 795 4786 bonis
813 4717 989 4784 faciendis.
1018 4719 1241 4786 proferuntur
1265 4721 1418 4811 quinque
1444 4722 1588 4812 eloquiis

268 4829 312 4894 ad
336 4828 445 4895 solum
471 4833 601 4915 Moysen
623 4827 739 4907 laetis,
762 4831 800 4892 ut
821 4828 969 4913 quatuor
990 4826 1109 4912 priore
1128 4826 1206 4893 filiis
1229 4829 1331 4895 lsrael
1350 4829 1512 4918 explicet,
1530 4852 1586 4896 ex·
