3522 5396
262 353 327 414 364
727 368 765 412 nn
786 367 879 412 mons
901 369 939 412 no
962 367 1127 413 roensnnu.

33 597 34 602 ἵ
193 493 194 498 ’
265 503 289 570 l.
307 525 335 569 c.
355 526 389 592 p.
410 509 473 570 t63
494 523 573 570 cum
593 501 797 570 stationibus
817 505 916 570 Num.
939 507 1040 585 33,1s
1061 523 1136 591 sqq.
1158 504 1344 592 componit.
1372 506 1500 590 Reapse
1520 523 1592 569 non

137 677 154 684 ,,
266 610 434 696 cogimur,
462 630 689 698 quaecunque
713 613 937 690 maa-mes
957 615 1153 692 narrantur,
1178 608 1365 690 defendere
1390 609 1492 676 unico
1514 607 1592 677 loco

147 741 170 754 ‘-
267 738 378 782 unove
400 715 455 782 die
475 737 548 782 esse
568 721 655 784 acta.
683 715 922 808 Exploratores
945 715 1087 783 reduces
1108 715 1279 782 Hebraeos
1298 721 1535 783 convenerunt
1554 718 1592 783 in

260 824 383 889 castris
409 822 445 887 in
475 821 609 889 deserto
635 821 770 888 Pharan
800 828 913 902 1327.
941 821 1057 888 Prima
1081 843 1203 890 eorum
1232 827 1396 905 less-30
1422 821 1591 890 relatione

259 927 401 1008 audita,
418 927 587 996 fructibus
603 928 809 1018 conspectis,
830 927 896 994 iter
911 927 1070 995 alacriter
1081 928 1249 996 exercitus
1268 929 1393 1018 arripit
1408 933 1592 1018 penetrans

265 1037 302 1102 in
324 1055 417 1116 cam,
440 1056 527 1124 quae
547 1040 666 1126 postea
689 1034 884 1102 simeonitis
906 1034 1019 1118 cessit,
1041 1034 1194 1120 regionis
1217 1041 1364 1125 partem.
1386 1035 1451 1102 Sed
1468 1035 1506 1102 in
1526 1037 1592 1103 hoc

265 1139 387 1208 itinere
414 1147 528 1208 ortum
557 1147 607 1207 est
629 1163 787 1208 murmur
813 1147 925 1224 13,31,
942 1140 1035 1230 quod
1056 1141 1093 1208 in
1115 1140 1233 1208 castris
1251 1141 1378 1210 montis
1401 1143 1533 1232 Saphar
1553 1143 1589 1209 in

260 1253 422 1338 apertam
437 1247 589 1336 eruperit
606 1246 844 1315 rebellionem.
861 1247 943 1314 lnde
961 1246 1104 1336 quidem
1124 1247 1163 1314 in
1184 1251 1352 1316 montena
1372 1255 1590 1337 penetrantes

262 1352 469 1437 funduntur,
491 1359 582 1420 totus
607 1375 685 1420 cum
710 1377 790 1422 arca
813 1353 979 1422 exercitus
1000 1375 1107 1444 usque
1129 1358 1288 1420 Hormam
1314 1354 1438 1445 pedem
1462 1355 1589 1423 referre

76 1443 81 1456 ⁹
261 1460 495 1549 compellitur.
518 1465 585 1528 Hac
604 1460 737 1528 ratione
755 1461 845 1528 lacta
865 1483 935 1527 non
957 1459 1234 1551 improbabiliter
1253 1461 1416 1551 componi
1434 1466 1586 1552 possunt.

132 1663 135 1670 .
194 1611 231 1632 „
293 1567 457 1634 ‘Hebraei
473 1567 549 1635 loca
563 1567 752 1656 quaedam,
769 1589 858 1655 quae
872 1568 961 1634 forte
976 1573 1056 1634 ante
1069 1567 1160 1658 ipsos
1179 1566 1319 1634 nomina
1334 1569 1476 1658 propria
1489 1575 1588 1636 nacta

265 1696 338 1740 non
356 1673 509 1755 fuerant,
532 1674 630 1738 novis
649 1671 867 1762 appellavere
886 1673 1097 1758 nominibus,
1121 1674 1175 1740 val
1194 1673 1336 1764 antiqua
1354 1673 1509 1742 locorum
1528 1697 1588 1742 no-

268 1779 362 1846 mina
377 1779 415 1845 in
436 1785 620 1848 eventuum
645 1778 875 1870 quorumdam
892 1779 1094 1848 memoriam
1120 1785 1306 1847 mutavere.
1333 1778 1589 1848 Consideranda

124 1855 126 1860 ι
194 1897 195 1900 ’
264 1885 324 1952 hic
344 1907 378 1952 se
399 1885 499 1952 nobis
520 1885 669 1952 offerunt
693 1889 835 1954 nomina
855 1887 1043 1954 stationum
1066 1886 1135 1953 duo
1159 1907 1166 1954 :
1193 1885 1354 1955 Ceclotlm
1373 1875 1493 1979 natal*
1518 1890 1588 1956 Ma-

191 2053 195 2062 .
267 1994 399 2076 κελλώθ,
421 1995 455 2059 et
469 1991 654 2078 Macelott,
671 1981 797 2084 ampo,
818 1995 976 2078 Μακηλώθ
992 1994 1038 2083 (v.
1060 1999 1114 2062 22.
1134 1993 1208 2082 25);
1224 2015 1312 2084 quae
1324 1994 1428 2060 ambo
1445 2000 1589 2084 potuere

267 2097 417 2166 derivari
436 2121 457 2164 a
476 2085 549 2191 bap,
572 2098 769 2166 concionem
791 2104 1097 2196 uocorcl'uerene
1119 2101 1205 2167 haec
1224 2101 1366 2167 nomina
1387 2100 1590 2168 stationibus

264 2203 406 2272 tortasse
418 2205 578 2294 imposita
588 2205 632 2274 ad
645 2207 965 2274 commemorandas
976 2206 1192 2274 turbulentos
1201 2205 1277 2272 illas
1291 2207 1472 2275 conciones
1486 2212 1512 2273 N
1515 2229 1586 2276 um.

268 2316 309 2376 13
329 2314 405 2402 sq.?
427 2312 586 2382 Caelatha
607 2335 653 2379 sc.
677 2318 726 2379 est
741 2313 840 2379 statio
861 2313 1068 2403 praecedens
1086 2318 1238 2380 montem
1251 2305 1380 2404 Saphar
1397 2336 1405 2382 :
1420 2313 1524 2382 luerit
1538 2313 1590 2381 ibi

268 2416 402 2484 initium
421 2417 620 2485 rebellionis
643 2425 739 2502 13,31
758 2441 851 2510 sqq.;
866 2421 1069 2509 processerit
1083 2419 1164 2487 inde
1179 2419 1399 2488 turbulentus
1414 2419 1472 2487 ille
1491 2443 1588 2488 ener-

267 2523 354 2591 citus
378 2546 485 2614 usquc
509 2524 554 2591 ad
578 2530 730 2593 montem
755 2527 897 2615 Saphar,
926 2525 989 2593 ubi
1012 2527 1189 2615 permixtis
1215 2525 1377 2594 omnibus
1401 2526 1588 2614 inglorium

266 2629 370 2695 finem
385 2629 548 2698 habuerit
560 2632 747 2721 expediti03
761 2633 842 2699 inde
856 2655 919 2722 per
932 2637 1093 2700 llormam
1108 2632 1305 2722 (Heredem)
1324 2655 1359 2700 se
1373 2634 1538 2722 receperit
1552 2635 1588 2700 in

267 2733 447 2818 Maceloth,
467 2735 528 2802 ubi
546 2736 686 2804 tandem
709 2739 752 2804 ah
772 2738 928 2805 hostibus
948 2741 1058 2806 securi
1079 2761 1133 2806 res
1152 2761 1230 2806 suas
1250 2743 1504 2829 composuerint
1523 2743 1588 2807 lle·

151 2849 153 2852 ’
267 2841 380 2923 taraci,
402 2839 560 2932 lataeque
581 2843 668 2911 forte
688 2845 819 2911 fuerint
839 2843 933 2932 leges
952 2851 1050 2913 Num.
1075 2853 1127 2913 15.
1152 2845 1319 2936 Perspicis
1336 2847 1422 2928 iam,
1439 2845 1589 2934 benigne

267 2948 384 3031 lector,
411 2947 454 3015 de
480 2948 534 3016 his
564 2950 769 3018 stationibus
794 2958 933 3041 praeter
957 2951 1171 3020 coniecturas
1198 2953 1235 3020 in
1261 2953 1414 3020 medium
1441 2952 1590 3042 proferri

264 3074 365 3142 posse
381 3054 481 3121 nihil.
500 3055 594 3122 Idem
609 3057 665 3124 dic
684 3057 727 3124 de
749 3059 953 3126 stationibus
973 3080 994 3125 a
1012 3059 1174 3126 llaceloth
1193 3080 1303 3149 usque
1325 3058 1538 3146 Asiongaber
1555 3067 1590 3126 et

146 3231 149 3236 ,
261 3159 399 3227 Codes.v

269 3307 271 3312 ·
310 3267 449 3335 lnitium
468 3291 571 3358 porro
586 3272 753 3360 resumpti
771 3271 808 3337 in
829 3270 1099 3340 Chanaanitidan
1115 3271 1247 3340 itineris
1267 3272 1396 3362 petitur
1413 3271 1586 3356 indidem,

265 3372 327 3438 ubi
340 3373 406 3441 iter
419 3374 457 3441 in
476 3397 624 3464 poenam
639 3376 839 3444 rebellionis
855 3377 992 3467 pridem
1010 3379 1198 3469 abruptum
1220 3380 1345 3463 fuerat,
1364 3403 1385 3447 a
1402 3377 1528 3462 Codes,
1545 3380 1589 3448 de

266 3501 334 3566 qua
351 3480 551 3549 dicebamus
565 3507 598 3572 p.
621 3490 683 3551 15l
699 3505 750 3573 sq.
766 3487 845 3552 Erat
864 3490 936 3552 tum
960 3507 999 3552 ea
1019 3485 1100 3552 urbs
1115 3485 1152 3552 in
1175 3486 1334 3553 extremis
1353 3485 1589 3555 Edemitarum

265 3583 393 3652 tinibus
416 3587 478 3654 sita
505 3588 646 3678 (20,16),
672 3590 723 3656 uti
743 3591 847 3658 etiam
877 3613 975 3658 mons
998 3595 1066 3658 llor
1088 3593 1216 3681 (2032)
1243 3613 1251 3660 :
1280 3593 1514 3660 Edomitarum
1538 3617 1587 3661 sc.

266 3691 351 3756 fines
371 3693 472 3759 variis
485 3695 700 3784 temporibus
715 3697 848 3764 varium
864 3697 1017 3765 habuere
1033 3698 1214 3766 ambitum.
1232 3722 1265 3764 v.
1284 3705 1326 3765 37
1347 3727 1364 3762 «
1381 3699 1588 3791 Epressiqne

263 3795 306 3894 dc
328 3797 435 3866 Codes
454 3801 689 3869 castrametati
707 3815 787 3869 scint
809 3805 846 3869 r'n
864 3817 980 3871 monte
999 3806 1081 3886 Hor,
1100 3807 1136 3871 in
1155 3805 1317 3872 extremis
1335 3806 1464 3895 finibus
1478 3819 1589 3874 terroe

265 3903 376 3972 Edem
393 3934 421 3972 n.
441 3907 489 3974 cf.
509 3913 612 3990 2032
625 3929 675 3996 sq.
693 3933 727 3976 v.
744 3916 786 3976 38
802 3938 818 3972 «
834 3910 1063 4000 Accenditque
1079 3915 1196 3979 Aaron
1214 3911 1422 3980 sacerdocio
1437 3927 1588 3980 montem

263 4014 351 4096 Hor,
376 4012 512 4080 medente
531 4015 689 4100 Domino,
710 4028 742 4083 ct
763 4017 810 4082 ibi
832 4029 988 4084 mortuns
1007 4031 1057 4084 est
1076 4041 1167 4086 anno
1190 4018 1455 4108 qreadroqasimo
1474 4041 1589 4108 epres·

260 4117 370 4186 sionis
382 4119 536 4207 filiomcm
554 4122 662 4190 lsrael
677 4145 719 4190 cc
737 4127 905 4213 aeqypto,
923 4147 1036 4192 meme
1055 4125 1188 4215 qllinto,
1201 4125 1321 4216 primo
1336 4125 1392 4192 dic
1410 4125 1536 4192 mensis
1556 4153 1588 4208 n,

264 4247 296 4288 v.
315 4233 356 4290 39
379 4253 394 4287 n
417 4249 494 4293 com
515 4240 596 4294 esset
615 4252 786 4296 onnomcm
807 4243 942 4298 centiam
961 4231 1089 4320 oiqinti
1109 4231 1214 4300 trium
1237 4260 1268 4300 n.
1284 4236 1357 4299 Non
1379 4239 1428 4299 est
1449 4255 1511 4299 cur
1525 4232 1591 4300 hos

261 4352 372 4397 annos
391 4333 571 4402 addubitet
595 4335 784 4426 Voiln'npcr
802 4337 825 4404 l.
849 4360 877 4404 c.
906 4360 941 4427 p.
967 4343 1043 4421 t5l,
1068 4359 1146 4406 cum
1170 4339 1224 4406 vel
1245 4359 1338 4406 nunc
1357 4339 1427 4406 reri
1446 4337 1590 4428 quidem

265 4437 422 4505 homines
443 4439 487 4506 ad
516 4441 661 4510 eandem
686 4445 756 4511 fere
782 4449 927 4512 aetatem
954 4447 1165 4534 pertingant.
1193 4468 1225 4511 v.
1259 4451 1300 4512 to
1330 4473 1346 4506 «
1375 4443 1590 4536 Andioitqne

265 4543 495 4614 chananaeos
511 4570 571 4615 rec
587 4549 699 4632 Arod,
717 4550 778 4640 qni
795 4549 973 4617 habitabat
991 4551 1038 4618 od
1050 4551 1230 4618 crreridiem
1253 4580 1284 4633 n,
1302 4553 1326 4618 i.
1345 4574 1374 4618 e.
1396 4551 1431 4618 in
1454 4552 1587 4639 Negeb,

267 4680 284 4712 ι(
302 4651 339 4717 in
357 4665 482 4722 terrum
501 4655 668 4723 Cleonaeo
683 4657 812 4724 venisse
825 4657 918 4746 filios
933 4659 1040 4724 lsrael
1058 4686 1088 4727 ».
1106 4659 1154 4724 cf.
1173 4665 1266 4740 nm.
1283 4663 1328 4726 De
1345 4659 1411 4724 hac
1424 4657 1591 4725 citatione

263 4763 423 4828 truncata
451 4761 651 4830 dicebamus
669 4787 705 4853 p.
733 4771 810 4832 361.
836 4763 1016 4856 Sequentis
1042 4764 1178 4832 itineris
1201 4764 1401 4851 generalem
1426 4763 1592 4832 directio-
