<?xml version="1.0" encoding="UTF-8"?>
<!DOCTYPE html PUBLIC "-//W3C//DTD XHTML 1.0 Transitional//EN"
    "http://www.w3.org/TR/xhtml1/DTD/xhtml1-transitional.dtd">
<html xmlns="http://www.w3.org/1999/xhtml" xml:lang="en" lang="en">
 <head>
  <title>
</title>
<meta http-equiv="Content-Type" content="text/html;charset=utf-8" />
  <meta name='ocr-system' content='tesseract 3.04.00' />
  <meta name='ocr-capabilities' content='ocr_page ocr_carea ocr_par ocr_line ocrx_word'/>
</head>
<body>
  <div class='ocr_page' id='page_1' title='image "./commentariusinn00hummgoog_0354.png"; bbox 0 0 3554 5406; ppageno 0'>
   <div class='ocr_carea' id='block_1_1' title="bbox 697 411 1485 482">
    <p class='ocr_par' dir='ltr' id='par_1_1' title="bbox 697 411 1485 482">
     <span class='ocr_line' id='line_1_1' title="bbox 697 411 1485 482; baseline -0.001 -12"><span class='ocrx_word' id='word_1_1' title='bbox 697 429 771 472; x_wconf 85' lang='lat' dir='ltr'><em>nou.</em></span> <span class='ocrx_word' id='word_1_2' title='bbox 795 412 865 482; x_wconf 50' lang='lat'><em>3⁰51</em></span> <span class='ocrx_word' id='word_1_3' title='bbox 890 429 951 480; x_wconf 89' lang='lat' dir='ltr'><em>soo.</em></span> <span class='ocrx_word' id='word_1_4' title='bbox 1429 411 1485 470; x_wconf 81' lang='grc'><em>311</em></span> 
     </span>
    </p>
   </div>
   <div class='ocr_carea' id='block_1_2' title="bbox 162 557 1519 2538">
    <p class='ocr_par' dir='ltr' id='par_1_2' title="bbox 162 557 1519 1176">
     <span class='ocr_line' id='line_1_2' title="bbox 164 557 1486 651; baseline -0.001 -26"><span class='ocrx_word' id='word_1_5' title='bbox 164 558 242 646; x_wconf 87' lang='lat' dir='ltr'><em>tim,</em></span> <span class='ocrx_word' id='word_1_6' title='bbox 266 571 304 624; x_wconf 91' lang='lat' dir='ltr'><em>ut</em></span> <span class='ocrx_word' id='word_1_7' title='bbox 326 557 490 640; x_wconf 85' lang='lat' dir='ltr'><em>audr‘erit,</em></span> <span class='ocrx_word' id='word_1_8' title='bbox 513 559 760 628; x_wconf 75' lang='lat' dir='ltr'><em>contradictorii</em></span> <span class='ocrx_word' id='word_1_9' title='bbox 771 574 888 651; x_wconf 85' lang='lat' dir='ltr'><em>pater,</em></span> <span class='ocrx_word' id='word_1_10' title='bbox 908 573 939 629; x_wconf 86' lang='lat' dir='ltr'><em>ct</em></span> <span class='ocrx_word' id='word_1_11' title='bbox 967 573 1045 629; x_wconf 91' lang='lat' dir='ltr'><em>vota</em></span> <span class='ocrx_word' id='word_1_12' title='bbox 1069 573 1101 627; x_wconf 87' lang='lat' dir='ltr'><em>et</em></span> <span class='ocrx_word' id='word_1_13' title='bbox 1123 560 1318 627; x_wconf 87' lang='lat' dir='ltr'><em>iuramenta</em></span> <span class='ocrx_word' id='word_1_14' title='bbox 1338 585 1354 618; x_wconf 81' lang='lat'><em>›&gt;</em></span> <span class='ocrx_word' id='word_1_15' title='bbox 1380 558 1486 625; x_wconf 88' lang='lat' dir='ltr'><em>absti-</em></span> 
     </span>
     <span class='ocr_line' id='line_1_3' title="bbox 162 664 1519 766; baseline -0.005 -34"><span class='ocrx_word' id='word_1_16' title='bbox 162 664 302 732; x_wconf 83' lang='lat' dir='ltr'><em>nentiae</em></span> <span class='ocrx_word' id='word_1_17' title='bbox 330 693 345 726; x_wconf 82' lang='lat' dir='ltr'><em>u</em></span> <span class='ocrx_word' id='word_1_18' title='bbox 369 665 442 756; x_wconf 85' lang='lat' dir='ltr'><em>ejus</em></span> <span class='ocrx_word' id='word_1_19' title='bbox 467 665 569 733; x_wconf 85' lang='lat' dir='ltr'><em>irrita</em></span> <span class='ocrx_word' id='word_1_20' title='bbox 595 679 710 751; x_wconf 78' lang='lat' dir='ltr'><em>errant,</em></span> <span class='ocrx_word' id='word_1_21' title='bbox 735 690 796 734; x_wconf 87' lang='lat' dir='ltr'><em>nec</em></span> <span class='ocrx_word' id='word_1_22' title='bbox 823 667 969 735; x_wconf 80' lang='lat' dir='ltr'><em>alnaria</em></span> <span class='ocrx_word' id='word_1_23' title='bbox 993 666 1162 734; x_wconf 80' lang='lat' dir='ltr'><em>tenebitur</em></span> <span class='ocrx_word' id='word_1_24' title='bbox 1184 665 1360 758; x_wconf 73' lang='lat' dir='ltr'><em>sponsioni</em></span> <span class='ocrx_word' id='word_1_25' title='bbox 1385 692 1416 748; x_wconf 80' lang='lat' dir='ltr'><em>u,</em></span> <span class='ocrx_word' id='word_1_26' title='bbox 1443 703 1488 714; x_wconf 86' lang='lat'>-</span> <span class='ocrx_word' id='word_1_27' title='bbox 1518 755 1519 766; x_wconf 9' lang='grc' dir='ltr'>ἵ</span> 
     </span>
     <span class='ocr_line' id='line_1_4' title="bbox 163 769 1486 863; baseline 0.002 -27"><span class='ocrx_word' id='word_1_28' title='bbox 163 773 265 837; x_wconf 84' lang='lat' dir='ltr'><em>Hebr.</em></span> <span class='ocrx_word' id='word_1_29' title='bbox 283 792 296 835; x_wconf 93' lang='grc'><em>.·</em></span> <span class='ocrx_word' id='word_1_30' title='bbox 314 781 347 837; x_wconf 88' lang='lat' dir='ltr'><em>ci</em></span> <span class='ocrx_word' id='word_1_31' title='bbox 362 769 462 838; x_wconf 77' lang='lat' dir='ltr'><em>labne</em></span> <span class='ocrx_word' id='word_1_32' title='bbox 478 771 684 839; x_wconf 75' lang='lat' dir='ltr'><em>condonabit</em></span> <span class='ocrx_word' id='word_1_33' title='bbox 704 773 737 839; x_wconf 85' lang='lat' dir='ltr'><em>ei</em></span> <span class='ocrx_word' id='word_1_34' title='bbox 751 774 990 863; x_wconf 81' lang='lat' dir='ltr'><em>impletionem</em></span> <span class='ocrx_word' id='word_1_35' title='bbox 1005 775 1074 839; x_wconf 89' lang='lat' dir='ltr'><em>voti</em></span> <span class='ocrx_word' id='word_1_36' title='bbox 1090 811 1135 824; x_wconf 92' lang='lat'>-</span> <span class='ocrx_word' id='word_1_37' title='bbox 1149 800 1166 833; x_wconf 79' lang='lat' dir='ltr'><em>a</em></span> <span class='ocrx_word' id='word_1_38' title='bbox 1185 795 1223 839; x_wconf 89' lang='lat' dir='ltr'><em>eo</em></span> <span class='ocrx_word' id='word_1_39' title='bbox 1242 771 1338 861; x_wconf 81' lang='lat' dir='ltr'><em>quot</em></span> <span class='ocrx_word' id='word_1_40' title='bbox 1351 782 1486 838; x_wconf 86' lang='lat' dir='ltr'><em>contra-</em></span> 
     </span>
     <span class='ocr_line' id='line_1_5' title="bbox 163 875 1484 970; baseline 0.002 -28"><span class='ocrx_word' id='word_1_41' title='bbox 163 876 287 944; x_wconf 75' lang='lat' dir='ltr'><em>dicerit</em></span> <span class='ocrx_word' id='word_1_42' title='bbox 305 890 409 967; x_wconf 89' lang='lat' dir='ltr'><em>pater</em></span> <span class='ocrx_word' id='word_1_43' title='bbox 435 905 463 969; x_wconf 74' lang='lat' dir='ltr'><em>o.</em></span> <span class='ocrx_word' id='word_1_44' title='bbox 490 883 551 945; x_wconf 89' lang='lat' dir='ltr'><em>Pro</em></span> <span class='ocrx_word' id='word_1_45' title='bbox 577 879 709 966; x_wconf 82' lang='lat' dir='ltr'><em>statim,</em></span> <span class='ocrx_word' id='word_1_46' title='bbox 733 890 772 946; x_wconf 89' lang='lat' dir='ltr'><em>ut</em></span> <span class='ocrx_word' id='word_1_47' title='bbox 795 878 960 964; x_wconf 88' lang='lat' dir='ltr'><em>audierit,</em></span> <span class='ocrx_word' id='word_1_48' title='bbox 985 877 1087 947; x_wconf 86' lang='lat' dir='ltr'><em>Hebr.</em></span> <span class='ocrx_word' id='word_1_49' title='bbox 1111 901 1124 944; x_wconf 90' lang='grc'><em>.·</em></span> <span class='ocrx_word' id='word_1_50' title='bbox 1147 902 1213 970; x_wconf 81' lang='lat' dir='ltr'><em>qrro</em></span> <span class='ocrx_word' id='word_1_51' title='bbox 1240 878 1296 944; x_wconf 88' lang='lat' dir='ltr'><em>die</em></span> <span class='ocrx_word' id='word_1_52' title='bbox 1321 875 1484 944; x_wconf 87' lang='lat' dir='ltr'><em>audierit.</em></span> 
     </span>
     <span class='ocr_line' id='line_1_6' title="bbox 163 983 1486 1075; baseline 0.001 -26"><span class='ocrx_word' id='word_1_53' title='bbox 163 983 347 1051; x_wconf 86' lang='lat' dir='ltr'><em>Definitum</em></span> <span class='ocrx_word' id='word_1_54' title='bbox 371 984 595 1051; x_wconf 89' lang='lat' dir='ltr'><em>intervallum</em></span> <span class='ocrx_word' id='word_1_55' title='bbox 611 987 702 1074; x_wconf 90' lang='lat' dir='ltr'><em>patri</em></span> <span class='ocrx_word' id='word_1_56' title='bbox 726 986 936 1068; x_wconf 79' lang='lat' dir='ltr'><em>conceditur,</em></span> <span class='ocrx_word' id='word_1_57' title='bbox 952 985 1014 1054; x_wconf 92' lang='lat' dir='ltr'><em>ubi</em></span> <span class='ocrx_word' id='word_1_58' title='bbox 1033 985 1201 1075; x_wconf 86' lang='lat' dir='ltr'><em>disputari</em></span> <span class='ocrx_word' id='word_1_59' title='bbox 1223 989 1347 1075; x_wconf 83' lang='lat' dir='ltr'><em>potest,</em></span> <span class='ocrx_word' id='word_1_60' title='bbox 1372 989 1486 1050; x_wconf 89' lang='lat' dir='ltr'><em>utrum</em></span> 
     </span>
     <span class='ocr_line' id='line_1_7' title="bbox 163 1087 1173 1176; baseline 0.005 -22"><span class='ocrx_word' id='word_1_61' title='bbox 163 1089 234 1156; x_wconf 85' lang='lat' dir='ltr'><em>dies</em></span> <span class='ocrx_word' id='word_1_62' title='bbox 248 1090 466 1176; x_wconf 84' lang='lat' dir='ltr'><em>intelligatur</em></span> <span class='ocrx_word' id='word_1_63' title='bbox 484 1087 610 1174; x_wconf 85' lang='lat' dir='ltr'><em>civilis,</em></span> <span class='ocrx_word' id='word_1_64' title='bbox 632 1113 676 1158; x_wconf 90' lang='lat' dir='ltr'><em>an</em></span> <span class='ocrx_word' id='word_1_65' title='bbox 696 1093 918 1159; x_wconf 88' lang='lat' dir='ltr'><em>intervallum</em></span> <span class='ocrx_word' id='word_1_66' title='bbox 938 1097 980 1159; x_wconf 80' lang='lat' dir='ltr'><em>nt</em></span> <span class='ocrx_word' id='word_1_67' title='bbox 996 1092 1173 1160; x_wconf 88' lang='lat' dir='ltr'><em>horarum.</em></span> 
     </span>
    </p>

    <p class='ocr_par' dir='ltr' id='par_1_3' title="bbox 162 1196 1491 2538">
     <span class='ocr_line' id='line_1_8' title="bbox 206 1196 1491 1288; baseline 0.001 -27"><span class='ocrx_word' id='word_1_68' title='bbox 206 1219 238 1263; x_wconf 89' lang='lat' dir='ltr'><em>v.</em></span> <span class='ocrx_word' id='word_1_69' title='bbox 255 1203 275 1260; x_wconf 88' lang='lat' dir='ltr'><em>&#39;i</em></span> <span class='ocrx_word' id='word_1_70' title='bbox 293 1223 310 1258; x_wconf 86' lang='lat' dir='ltr'><em>u</em></span> <span class='ocrx_word' id='word_1_71' title='bbox 326 1196 368 1262; x_wconf 90' lang='lat' dir='ltr'><em>Si</em></span> <span class='ocrx_word' id='word_1_72' title='bbox 379 1197 542 1262; x_wconf 89' lang='lat' dir='ltr'><em>maritum</em></span> <span class='ocrx_word' id='word_1_73' title='bbox 556 1197 714 1265; x_wconf 82' lang='lat' dir='ltr'><em>babuerit</em></span> <span class='ocrx_word' id='word_1_74' title='bbox 731 1212 762 1264; x_wconf 89' lang='lat' dir='ltr'><em>et</em></span> <span class='ocrx_word' id='word_1_75' title='bbox 776 1198 906 1266; x_wconf 86' lang='lat' dir='ltr'><em>voverit</em></span> <span class='ocrx_word' id='word_1_76' title='bbox 922 1197 1062 1288; x_wconf 86' lang='lat' dir='ltr'><em>aliquid</em></span> <span class='ocrx_word' id='word_1_77' title='bbox 1082 1226 1113 1281; x_wconf 87' lang='lat'><em>»,</em></span> <span class='ocrx_word' id='word_1_78' title='bbox 1129 1237 1172 1248; x_wconf 94' lang='lat'><em>-</em></span> <span class='ocrx_word' id='word_1_79' title='bbox 1191 1200 1290 1264; x_wconf 86' lang='lat' dir='ltr'><em>Hebr.</em></span> <span class='ocrx_word' id='word_1_80' title='bbox 1311 1221 1322 1264; x_wconf 95' lang='lat'><em>.·</em></span> <span class='ocrx_word' id='word_1_81' title='bbox 1338 1198 1491 1264; x_wconf 86' lang='lat' dir='ltr'><em>sinubat</em></span> 
     </span>
     <span class='ocr_line' id='line_1_9' title="bbox 162 1301 1488 1393; baseline 0 -26"><span class='ocrx_word' id='word_1_82' title='bbox 162 1301 234 1368; x_wconf 89' lang='lat' dir='ltr'><em>vira</em></span> <span class='ocrx_word' id='word_1_83' title='bbox 250 1314 282 1392; x_wconf 76' lang='lat' dir='ltr'><em>ot</em></span> <span class='ocrx_word' id='word_1_84' title='bbox 296 1314 345 1368; x_wconf 88' lang='lat' dir='ltr'><em>est</em></span> <span class='ocrx_word' id='word_1_85' title='bbox 361 1315 475 1368; x_wconf 89' lang='lat' dir='ltr'><em>votum</em></span> <span class='ocrx_word' id='word_1_86' title='bbox 496 1324 598 1393; x_wconf 88' lang='lat' dir='ltr'><em>super</em></span> <span class='ocrx_word' id='word_1_87' title='bbox 612 1304 722 1393; x_wconf 85' lang='lat' dir='ltr'><em>ipsam</em></span> <span class='ocrx_word' id='word_1_88' title='bbox 738 1326 750 1370; x_wconf 91' lang='lat'><em>.·</em></span> <span class='ocrx_word' id='word_1_89' title='bbox 764 1305 887 1391; x_wconf 80' lang='lat' dir='ltr'><em>Agitur</em></span> <span class='ocrx_word' id='word_1_90' title='bbox 907 1304 949 1371; x_wconf 87' lang='lat' dir='ltr'><em>de</em></span> <span class='ocrx_word' id='word_1_91' title='bbox 961 1309 1040 1372; x_wconf 90' lang='lat' dir='ltr'><em>voto</em></span> <span class='ocrx_word' id='word_1_92' title='bbox 1058 1308 1137 1370; x_wconf 90' lang='lat' dir='ltr'><em>ante</em></span> <span class='ocrx_word' id='word_1_93' title='bbox 1152 1303 1291 1393; x_wconf 82' lang='lat' dir='ltr'><em>nuptias</em></span> <span class='ocrx_word' id='word_1_94' title='bbox 1306 1303 1429 1370; x_wconf 91' lang='lat' dir='ltr'><em>emisso</em></span> <span class='ocrx_word' id='word_1_95' title='bbox 1448 1324 1488 1368; x_wconf 88' lang='lat' dir='ltr'><em>ao</em></span> 
     </span>
     <span class='ocr_line' id='line_1_10' title="bbox 162 1407 1488 1501; baseline 0 -28"><span class='ocrx_word' id='word_1_96' title='bbox 162 1430 243 1474; x_wconf 88' lang='lat' dir='ltr'><em>sane</em></span> <span class='ocrx_word' id='word_1_97' title='bbox 260 1431 292 1475; x_wconf 90' lang='lat' dir='ltr'><em>v.</em></span> <span class='ocrx_word' id='word_1_98' title='bbox 312 1413 330 1474; x_wconf 78' lang='lat' dir='ltr'><em>is</em></span> <span class='ocrx_word' id='word_1_99' title='bbox 350 1413 481 1497; x_wconf 86' lang='lat' dir='ltr'><em>epatre</em></span> <span class='ocrx_word' id='word_1_100' title='bbox 500 1414 574 1497; x_wconf 85' lang='lat' dir='ltr'><em>tum</em></span> <span class='ocrx_word' id='word_1_101' title='bbox 594 1408 802 1499; x_wconf 87' lang='lat' dir='ltr'><em>approbato;</em></span> <span class='ocrx_word' id='word_1_102' title='bbox 820 1417 897 1500; x_wconf 88' lang='lat' dir='ltr'><em>post</em></span> <span class='ocrx_word' id='word_1_103' title='bbox 916 1410 1054 1501; x_wconf 82' lang='lat' dir='ltr'><em>nuptias</em></span> <span class='ocrx_word' id='word_1_104' title='bbox 1073 1410 1261 1498; x_wconf 81' lang='lat' dir='ltr'><em>requiritur</em></span> <span class='ocrx_word' id='word_1_105' title='bbox 1281 1407 1488 1499; x_wconf 80' lang='lat' dir='ltr'><em>approbatio</em></span> 
     </span>
     <span class='ocr_line' id='line_1_11' title="bbox 163 1513 1489 1606; baseline -0.002 -26"><span class='ocrx_word' id='word_1_106' title='bbox 163 1513 276 1581; x_wconf 89' lang='lat' dir='ltr'><em>mariti</em></span> <span class='ocrx_word' id='word_1_107' title='bbox 296 1553 341 1564; x_wconf 90' lang='lat'><em>-</em></span> <span class='ocrx_word' id='word_1_108' title='bbox 358 1545 373 1574; x_wconf 80' lang='lat' dir='ltr'><em>u</em></span> <span class='ocrx_word' id='word_1_109' title='bbox 388 1527 421 1580; x_wconf 88' lang='lat' dir='ltr'><em>et</em></span> <span class='ocrx_word' id='word_1_110' title='bbox 434 1514 539 1581; x_wconf 88' lang='lat' dir='ltr'><em>semel</em></span> <span class='ocrx_word' id='word_1_111' title='bbox 551 1513 593 1582; x_wconf 88' lang='lat' dir='ltr'><em>de</em></span> <span class='ocrx_word' id='word_1_112' title='bbox 605 1538 662 1582; x_wconf 88' lang='lat' dir='ltr'><em>ore</em></span> <span class='ocrx_word' id='word_1_113' title='bbox 676 1516 750 1583; x_wconf 86' lang='lat' dir='ltr'><em>eius</em></span> <span class='ocrx_word' id='word_1_114' title='bbox 762 1519 899 1583; x_wconf 84' lang='lat' dir='ltr'><em>verbum</em></span> <span class='ocrx_word' id='word_1_115' title='bbox 915 1515 1091 1606; x_wconf 78' lang='lat' dir='ltr'><em>cqrcdiens</em></span> <span class='ocrx_word' id='word_1_116' title='bbox 1105 1515 1260 1582; x_wconf 89' lang='lat' dir='ltr'><em>animam</em></span> <span class='ocrx_word' id='word_1_117' title='bbox 1273 1515 1345 1582; x_wconf 83' lang='lat' dir='ltr'><em>circs</em></span> <span class='ocrx_word' id='word_1_118' title='bbox 1361 1514 1489 1603; x_wconf 78' lang='lat' dir='ltr'><em>obliqu-</em></span> 
     </span>
     <span class='ocr_line' id='line_1_12' title="bbox 162 1609 1487 1711; baseline -0.003 -23"><span class='ocrx_word' id='word_1_119' title='bbox 162 1621 249 1688; x_wconf 86' lang='lat' dir='ltr'><em>verit</em></span> <span class='ocrx_word' id='word_1_120' title='bbox 262 1621 453 1688; x_wconf 86' lang='lat' dir='ltr'><em>iuramento</em></span> <span class='ocrx_word' id='word_1_121' title='bbox 466 1648 482 1682; x_wconf 78' lang='lat' dir='ltr'><em>v</em></span> <span class='ocrx_word' id='word_1_122' title='bbox 500 1644 507 1689; x_wconf 93' lang='lat'>:</span> <span class='ocrx_word' id='word_1_123' title='bbox 525 1609 645 1690; x_wconf 78' lang='lat' dir='ltr'><em>-sed</em></span> <span class='ocrx_word' id='word_1_124' title='bbox 660 1624 763 1710; x_wconf 83' lang='lat' dir='ltr'><em>longe</em></span> <span class='ocrx_word' id='word_1_125' title='bbox 779 1623 880 1690; x_wconf 88' lang='lat' dir='ltr'><em>aliter</em></span> <span class='ocrx_word' id='word_1_126' title='bbox 896 1624 998 1689; x_wconf 83' lang='lat' dir='ltr'><em>Hebr.</em></span> <span class='ocrx_word' id='word_1_127' title='bbox 1017 1644 1030 1688; x_wconf 93' lang='grc'><em>.·</em></span> <span class='ocrx_word' id='word_1_128' title='bbox 1042 1635 1103 1689; x_wconf 81' lang='lat' dir='ltr'><em>artt</em></span> <span class='ocrx_word' id='word_1_129' title='bbox 1123 1621 1363 1711; x_wconf 79' lang='lat' dir='ltr'><em>vaniloquium</em></span> <span class='ocrx_word' id='word_1_130' title='bbox 1379 1619 1487 1686; x_wconf 83' lang='lat' dir='ltr'><em>latrio-</em></span> 
     </span>
     <span class='ocr_line' id='line_1_13' title="bbox 163 1725 1488 1818; baseline -0.001 -26"><span class='ocrx_word' id='word_1_131' title='bbox 163 1749 239 1792; x_wconf 87' lang='lat' dir='ltr'><em>rum</em></span> <span class='ocrx_word' id='word_1_132' title='bbox 259 1731 309 1794; x_wconf 88' lang='lat' dir='ltr'><em>est</em></span> <span class='ocrx_word' id='word_1_133' title='bbox 322 1749 425 1816; x_wconf 88' lang='lat' dir='ltr'><em>super</em></span> <span class='ocrx_word' id='word_1_134' title='bbox 438 1728 565 1817; x_wconf 88' lang='lat' dir='ltr'><em>ipsam,</em></span> <span class='ocrx_word' id='word_1_135' title='bbox 583 1751 650 1817; x_wconf 88' lang='lat' dir='ltr'><em>quo</em></span> <span class='ocrx_word' id='word_1_136' title='bbox 670 1729 832 1818; x_wconf 81' lang='lat' dir='ltr'><em>altipaoit</em></span> <span class='ocrx_word' id='word_1_137' title='bbox 851 1729 1007 1796; x_wconf 89' lang='lat' dir='ltr'><em>animam</em></span> <span class='ocrx_word' id='word_1_138' title='bbox 1025 1751 1139 1815; x_wconf 88' lang='lat' dir='ltr'><em>suam,</em></span> <span class='ocrx_word' id='word_1_139' title='bbox 1158 1730 1182 1796; x_wconf 92' lang='lat' dir='ltr'><em>i.</em></span> <span class='ocrx_word' id='word_1_140' title='bbox 1199 1749 1230 1794; x_wconf 89' lang='lat' dir='ltr'><em>e.</em></span> <span class='ocrx_word' id='word_1_141' title='bbox 1247 1733 1364 1794; x_wconf 87' lang='lat' dir='ltr'><em>votum</em></span> <span class='ocrx_word' id='word_1_142' title='bbox 1380 1725 1488 1792; x_wconf 88' lang='lat' dir='ltr'><em>absti-</em></span> 
     </span>
     <span class='ocr_line' id='line_1_14' title="bbox 164 1833 1487 1923; baseline -0.002 -24"><span class='ocrx_word' id='word_1_143' title='bbox 164 1835 298 1900; x_wconf 89' lang='lat' dir='ltr'><em>nentiae</em></span> <span class='ocrx_word' id='word_1_144' title='bbox 312 1871 357 1882; x_wconf 93' lang='lat'>-</span> <span class='ocrx_word' id='word_1_145' title='bbox 376 1856 408 1900; x_wconf 91' lang='lat' dir='ltr'><em>v.</em></span> <span class='ocrx_word' id='word_1_146' title='bbox 432 1840 452 1900; x_wconf 91' lang='lat'>8</span> <span class='ocrx_word' id='word_1_147' title='bbox 477 1861 493 1895; x_wconf 84' lang='lat' dir='ltr'><em>u</em></span> <span class='ocrx_word' id='word_1_148' title='bbox 520 1856 587 1923; x_wconf 90' lang='lat' dir='ltr'><em>quo</em></span> <span class='ocrx_word' id='word_1_149' title='bbox 608 1834 664 1900; x_wconf 88' lang='lat' dir='ltr'><em>die</em></span> <span class='ocrx_word' id='word_1_150' title='bbox 688 1834 838 1901; x_wconf 86' lang='lat' dir='ltr'><em>audierit</em></span> <span class='ocrx_word' id='word_1_151' title='bbox 855 1835 908 1900; x_wconf 88' lang='lat' dir='ltr'><em>vir</em></span> <span class='ocrx_word' id='word_1_152' title='bbox 927 1847 959 1901; x_wconf 89' lang='lat' dir='ltr'><em>et</em></span> <span class='ocrx_word' id='word_1_153' title='bbox 974 1857 1044 1902; x_wconf 90' lang='lat' dir='ltr'><em>non</em></span> <span class='ocrx_word' id='word_1_154' title='bbox 1061 1834 1328 1914; x_wconf 78' lang='lat' dir='ltr'><em>contradicerit,</em></span> <span class='ocrx_word' id='word_1_155' title='bbox 1348 1833 1416 1900; x_wconf 84' lang='lat' dir='ltr'><em>coti</em></span> <span class='ocrx_word' id='word_1_156' title='bbox 1430 1853 1487 1898; x_wconf 88' lang='lat' dir='ltr'><em>rea</em></span> 
     </span>
     <span class='ocr_line' id='line_1_15' title="bbox 163 1939 1489 2031; baseline -0.004 -24"><span class='ocrx_word' id='word_1_157' title='bbox 163 1940 227 2007; x_wconf 87' lang='lat' dir='ltr'><em>erit</em></span> <span class='ocrx_word' id='word_1_158' title='bbox 239 1939 437 2029; x_wconf 83' lang='lat' dir='ltr'><em>reddetque,</em></span> <span class='ocrx_word' id='word_1_159' title='bbox 456 1939 682 2030; x_wconf 86' lang='lat' dir='ltr'><em>quodcunque</em></span> <span class='ocrx_word' id='word_1_160' title='bbox 691 1942 899 2031; x_wconf 82' lang='lat' dir='ltr'><em>promiserat</em></span> <span class='ocrx_word' id='word_1_161' title='bbox 916 1967 945 2006; x_wconf 77' lang='lat' dir='ltr'><em>a.</em></span> <span class='ocrx_word' id='word_1_162' title='bbox 969 1941 1016 2007; x_wconf 85' lang='lat' dir='ltr'><em>Gt.</em></span> <span class='ocrx_word' id='word_1_163' title='bbox 1039 1941 1139 2007; x_wconf 91' lang='lat' dir='ltr'><em>Hebr.</em></span> <span class='ocrx_word' id='word_1_164' title='bbox 1161 1963 1194 2005; x_wconf 90' lang='lat' dir='ltr'><em>v.</em></span> <span class='ocrx_word' id='word_1_165' title='bbox 1213 1949 1265 2007; x_wconf 85' lang='lat'><em>9«</em></span> <span class='ocrx_word' id='word_1_166' title='bbox 1290 1939 1354 2007; x_wconf 86' lang='lat' dir='ltr'><em>Sin</em></span> <span class='ocrx_word' id='word_1_167' title='bbox 1374 1949 1489 2005; x_wconf 86' lang='lat' dir='ltr'><em>autem</em></span> 
     </span>
     <span class='ocr_line' id='line_1_16' title="bbox 163 2043 1489 2132; baseline -0.002 -20"><span class='ocrx_word' id='word_1_168' title='bbox 163 2044 307 2112; x_wconf 86' lang='lat' dir='ltr'><em>audiens</em></span> <span class='ocrx_word' id='word_1_169' title='bbox 337 2046 453 2112; x_wconf 86' lang='lat' dir='ltr'><em>statim</em></span> <span class='ocrx_word' id='word_1_170' title='bbox 486 2073 516 2132; x_wconf 80' lang='lat' dir='ltr'><em>u,</em></span> <span class='ocrx_word' id='word_1_171' title='bbox 549 2067 608 2113; x_wconf 92' lang='lat' dir='ltr'><em>seu</em></span> <span class='ocrx_word' id='word_1_172' title='bbox 636 2047 750 2114; x_wconf 92' lang='lat' dir='ltr'><em>verius</em></span> <span class='ocrx_word' id='word_1_173' title='bbox 779 2046 896 2115; x_wconf 87' lang='lat' dir='ltr'><em>eodem</em></span> <span class='ocrx_word' id='word_1_174' title='bbox 917 2046 990 2127; x_wconf 87' lang='lat' dir='ltr'><em>die,</em></span> <span class='ocrx_word' id='word_1_175' title='bbox 1017 2072 1033 2107; x_wconf 81' lang='lat' dir='ltr'><em>a</em></span> <span class='ocrx_word' id='word_1_176' title='bbox 1060 2044 1327 2124; x_wconf 71' lang='lat' dir='ltr'><em>contradixerit,</em></span> <span class='ocrx_word' id='word_1_177' title='bbox 1355 2057 1388 2110; x_wconf 86' lang='lat' dir='ltr'><em>et</em></span> <span class='ocrx_word' id='word_1_178' title='bbox 1413 2043 1489 2110; x_wconf 85' lang='lat' dir='ltr'><em>irri-</em></span> 
     </span>
     <span class='ocr_line' id='line_1_17' title="bbox 164 2146 1488 2242; baseline -0.002 -26"><span class='ocrx_word' id='word_1_179' title='bbox 164 2165 216 2219; x_wconf 86' lang='lat' dir='ltr'><em>tas</em></span> <span class='ocrx_word' id='word_1_180' title='bbox 238 2153 358 2240; x_wconf 82' lang='lat' dir='ltr'><em>severit</em></span> <span class='ocrx_word' id='word_1_181' title='bbox 372 2150 647 2242; x_wconf 84' lang='lat' dir='ltr'><em>pollicitationes</em></span> <span class='ocrx_word' id='word_1_182' title='bbox 668 2152 741 2218; x_wconf 81' lang='lat' dir='ltr'><em>circs</em></span> <span class='ocrx_word' id='word_1_183' title='bbox 767 2179 802 2234; x_wconf 78' lang='lat' dir='ltr'><em>u,</em></span> <span class='ocrx_word' id='word_1_184' title='bbox 828 2159 947 2220; x_wconf 88' lang='lat' dir='ltr'><em>votum</em></span> <span class='ocrx_word' id='word_1_185' title='bbox 973 2166 1036 2229; x_wconf 78' lang='grc'>111,</span> <span class='ocrx_word' id='word_1_186' title='bbox 1060 2179 1076 2213; x_wconf 86' lang='lat' dir='ltr'><em>u</em></span> <span class='ocrx_word' id='word_1_187' title='bbox 1100 2153 1268 2239; x_wconf 73' lang='lat' dir='ltr'><em>ventoque</em></span> <span class='ocrx_word' id='word_1_188' title='bbox 1287 2150 1408 2238; x_wconf 85' lang='lat' dir='ltr'><em>quibus</em></span> <span class='ocrx_word' id='word_1_189' title='bbox 1429 2146 1488 2214; x_wconf 89' lang='lat' dir='ltr'><em>ob·</em></span> 
     </span>
     <span class='ocr_line' id='line_1_18' title="bbox 162 2254 1487 2348; baseline -0.002 -26"><span class='ocrx_word' id='word_1_190' title='bbox 162 2258 343 2325; x_wconf 73' lang='lat' dir='ltr'><em>strinxerat</em></span> <span class='ocrx_word' id='word_1_191' title='bbox 358 2258 513 2325; x_wconf 87' lang='lat' dir='ltr'><em>unimam</em></span> <span class='ocrx_word' id='word_1_192' title='bbox 526 2280 624 2325; x_wconf 81' lang='lat' dir='ltr'><em>stram</em></span> <span class='ocrx_word' id='word_1_193' title='bbox 634 2285 666 2343; x_wconf 83' lang='lat' dir='ltr'><em>u,</em></span> <span class='ocrx_word' id='word_1_194' title='bbox 681 2297 724 2309; x_wconf 94' lang='lat'><em>-—</em></span> <span class='ocrx_word' id='word_1_195' title='bbox 737 2258 837 2326; x_wconf 83' lang='lat' dir='ltr'><em>Hebr.</em></span> <span class='ocrx_word' id='word_1_196' title='bbox 854 2280 866 2323; x_wconf 91' lang='lat'><em>.·</em></span> <span class='ocrx_word' id='word_1_197' title='bbox 879 2256 1121 2348; x_wconf 83' lang='lat' dir='ltr'><em>vaniloquium</em></span> <span class='ocrx_word' id='word_1_198' title='bbox 1136 2256 1305 2323; x_wconf 86' lang='lat' dir='ltr'><em>labiorum</em></span> <span class='ocrx_word' id='word_1_199' title='bbox 1322 2254 1406 2334; x_wconf 86' lang='lat' dir='ltr'><em>eius,</em></span> <span class='ocrx_word' id='word_1_200' title='bbox 1421 2275 1487 2343; x_wconf 83' lang='lat' dir='ltr'><em>quo</em></span> 
     </span>
     <span class='ocr_line' id='line_1_19' title="bbox 163 2359 1488 2454; baseline -0.004 -24"><span class='ocrx_word' id='word_1_201' title='bbox 163 2362 325 2452; x_wconf 82' lang='lat' dir='ltr'><em>olliqaoit</em></span> <span class='ocrx_word' id='word_1_202' title='bbox 357 2366 511 2430; x_wconf 90' lang='lat' dir='ltr'><em>animam</em></span> <span class='ocrx_word' id='word_1_203' title='bbox 534 2385 634 2430; x_wconf 80' lang='lat' dir='ltr'><em>sitam</em></span> <span class='ocrx_word' id='word_1_204' title='bbox 649 2401 692 2414; x_wconf 89' lang='lat'>-</span> <span class='ocrx_word' id='word_1_205' title='bbox 713 2392 728 2426; x_wconf 81' lang='lat' dir='ltr'><em>u</em></span> <span class='ocrx_word' id='word_1_206' title='bbox 748 2363 920 2454; x_wconf 77' lang='lat' dir='ltr'><em>propitius</em></span> <span class='ocrx_word' id='word_1_207' title='bbox 942 2363 1007 2430; x_wconf 88' lang='lat' dir='ltr'><em>erit</em></span> <span class='ocrx_word' id='word_1_208' title='bbox 1026 2363 1059 2430; x_wconf 86' lang='lat' dir='ltr'><em>ei</em></span> <span class='ocrx_word' id='word_1_209' title='bbox 1082 2363 1247 2430; x_wconf 85' lang='lat' dir='ltr'><em>Dominus</em></span> <span class='ocrx_word' id='word_1_210' title='bbox 1272 2389 1301 2428; x_wconf 79' lang='lat' dir='ltr'><em>u.</em></span> <span class='ocrx_word' id='word_1_211' title='bbox 1317 2363 1418 2427; x_wconf 84' lang='lat' dir='ltr'><em>Hebr.</em></span> <span class='ocrx_word' id='word_1_212' title='bbox 1440 2359 1488 2426; x_wconf 89' lang='lat' dir='ltr'><em>uti</em></span> 
     </span>
     <span class='ocr_line' id='line_1_20' title="bbox 163 2468 719 2538; baseline 0.005 -3"><span class='ocrx_word' id='word_1_213' title='bbox 163 2492 195 2535; x_wconf 90' lang='lat' dir='ltr'><em>v.</em></span> <span class='ocrx_word' id='word_1_214' title='bbox 219 2475 239 2536; x_wconf 88' lang='grc'>6</span> <span class='ocrx_word' id='word_1_215' title='bbox 257 2492 264 2538; x_wconf 92' lang='lat'>:</span> <span class='ocrx_word' id='word_1_216' title='bbox 287 2483 320 2536; x_wconf 86' lang='lat' dir='ltr'><em>ct</em></span> <span class='ocrx_word' id='word_1_217' title='bbox 337 2469 438 2536; x_wconf 80' lang='lat' dir='ltr'><em>labae</em></span> <span class='ocrx_word' id='word_1_218' title='bbox 453 2468 659 2537; x_wconf 83' lang='lat' dir='ltr'><em>condonabit</em></span> <span class='ocrx_word' id='word_1_219' title='bbox 676 2471 719 2538; x_wconf 87' lang='lat' dir='ltr'><em>ei.</em></span> 
     </span>
    </p>
   </div>
   <div class='ocr_carea' id='block_1_3' title="bbox 162 2620 1559 4892">
    <p class='ocr_par' dir='ltr' id='par_1_4' title="bbox 162 2620 1559 4892">
     <span class='ocr_line' id='line_1_21' title="bbox 199 2620 1485 2688; baseline -0.004 -13"><span class='ocrx_word' id='word_1_220' title='bbox 199 2623 352 2687; x_wconf 83' lang='lat' dir='ltr'><em>Ambigunt</em></span> <span class='ocrx_word' id='word_1_221' title='bbox 371 2625 552 2686; x_wconf 83' lang='lat' dir='ltr'><em>interpretes,</em></span> <span class='ocrx_word' id='word_1_222' title='bbox 574 2623 609 2674; x_wconf 91' lang='lat' dir='ltr'><em>de</em></span> <span class='ocrx_word' id='word_1_223' title='bbox 624 2638 679 2687; x_wconf 89' lang='lat' dir='ltr'><em>qua</em></span> <span class='ocrx_word' id='word_1_224' title='bbox 699 2625 816 2676; x_wconf 89' lang='lat' dir='ltr'><em>muliere</em></span> <span class='ocrx_word' id='word_1_225' title='bbox 832 2626 869 2675; x_wconf 89' lang='lat' dir='ltr'><em>sit</em></span> <span class='ocrx_word' id='word_1_226' title='bbox 883 2637 985 2676; x_wconf 88' lang='lat' dir='ltr'><em>sermo.</em></span> <span class='ocrx_word' id='word_1_227' title='bbox 1007 2623 1113 2688; x_wconf 81' lang='lat' dir='ltr'><em>Utique</em></span> <span class='ocrx_word' id='word_1_228' title='bbox 1130 2623 1165 2674; x_wconf 92' lang='lat' dir='ltr'><em>de</em></span> <span class='ocrx_word' id='word_1_229' title='bbox 1184 2623 1279 2672; x_wconf 86' lang='lat' dir='ltr'><em>innota</em></span> <span class='ocrx_word' id='word_1_230' title='bbox 1297 2620 1485 2679; x_wconf 85' lang='lat' dir='ltr'><em>matrimonia,</em></span> 
     </span>
     <span class='ocr_line' id='line_1_22' title="bbox 162 2709 1489 2776; baseline -0.005 -12"><span class='ocrx_word' id='word_1_231' title='bbox 162 2725 228 2764; x_wconf 85' lang='lat' dir='ltr'><em>oum</em></span> <span class='ocrx_word' id='word_1_232' title='bbox 242 2711 278 2762; x_wconf 91' lang='lat' dir='ltr'><em>de</em></span> <span class='ocrx_word' id='word_1_233' title='bbox 290 2714 351 2762; x_wconf 89' lang='lat' dir='ltr'><em>eius</em></span> <span class='ocrx_word' id='word_1_234' title='bbox 364 2714 463 2761; x_wconf 84' lang='lat' dir='ltr'><em>marito</em></span> <span class='ocrx_word' id='word_1_235' title='bbox 478 2714 514 2762; x_wconf 88' lang='lat' dir='ltr'><em>sit</em></span> <span class='ocrx_word' id='word_1_236' title='bbox 528 2724 630 2762; x_wconf 82' lang='lat' dir='ltr'><em>sermo</em></span> <span class='ocrx_word' id='word_1_237' title='bbox 648 2715 684 2763; x_wconf 81' lang='lat' dir='ltr'><em>nt</em></span> <span class='ocrx_word' id='word_1_238' title='bbox 699 2726 794 2765; x_wconf 89' lang='lat' dir='ltr'><em>nonne</em></span> <span class='ocrx_word' id='word_1_239' title='bbox 807 2713 842 2764; x_wconf 89' lang='lat' dir='ltr'><em>de</em></span> <span class='ocrx_word' id='word_1_240' title='bbox 856 2726 945 2765; x_wconf 85' lang='lat' dir='ltr'><em>uxore</em></span> <span class='ocrx_word' id='word_1_241' title='bbox 957 2715 1045 2776; x_wconf 84' lang='lat' dir='ltr'><em>agunt</em></span> <span class='ocrx_word' id='word_1_242' title='bbox 1057 2727 1083 2762; x_wconf 91' lang='lat' dir='ltr'><em>v.</em></span> <span class='ocrx_word' id='word_1_243' title='bbox 1103 2712 1132 2761; x_wconf 91' lang='grc'><em>11</em></span> <span class='ocrx_word' id='word_1_244' title='bbox 1152 2710 1234 2776; x_wconf 83' lang='lat' dir='ltr'><em>sqq?</em></span> <span class='ocrx_word' id='word_1_245' title='bbox 1248 2711 1317 2774; x_wconf 77' lang='lat' dir='ltr'><em>tuq.</em></span> <span class='ocrx_word' id='word_1_246' title='bbox 1335 2710 1430 2761; x_wconf 87' lang='lat' dir='ltr'><em>censet</em></span> <span class='ocrx_word' id='word_1_247' title='bbox 1442 2709 1489 2772; x_wconf 84' lang='lat' dir='ltr'><em>agi</em></span> 
     </span>
     <span class='ocr_line' id='line_1_23' title="bbox 164 2798 1487 2866; baseline -0.002 -16"><span class='ocrx_word' id='word_1_248' title='bbox 164 2801 198 2851; x_wconf 86' lang='lat' dir='ltr'><em>de</em></span> <span class='ocrx_word' id='word_1_249' title='bbox 218 2800 298 2860; x_wconf 90' lang='lat' dir='ltr'><em>voto,</em></span> <span class='ocrx_word' id='word_1_250' title='bbox 315 2799 391 2864; x_wconf 88' lang='lat' dir='ltr'><em>quod</em></span> <span class='ocrx_word' id='word_1_251' title='bbox 409 2801 523 2863; x_wconf 88' lang='lat' dir='ltr'><em>puellae</em></span> <span class='ocrx_word' id='word_1_252' title='bbox 542 2805 623 2864; x_wconf 88' lang='lat' dir='ltr'><em>pater</em></span> <span class='ocrx_word' id='word_1_253' title='bbox 642 2807 711 2853; x_wconf 90' lang='lat' dir='ltr'><em>ante</em></span> <span class='ocrx_word' id='word_1_254' title='bbox 730 2803 939 2853; x_wconf 81' lang='lat' dir='ltr'><em>matrimonium</em></span> <span class='ocrx_word' id='word_1_255' title='bbox 958 2801 1168 2866; x_wconf 87' lang='lat' dir='ltr'><em>approbaverit,</em></span> <span class='ocrx_word' id='word_1_256' title='bbox 1190 2799 1239 2850; x_wconf 88' lang='lat' dir='ltr'><em>sed</em></span> <span class='ocrx_word' id='word_1_257' title='bbox 1259 2798 1335 2863; x_wconf 86' lang='lat' dir='ltr'><em>quod</em></span> <span class='ocrx_word' id='word_1_258' title='bbox 1355 2798 1404 2848; x_wconf 87' lang='lat' dir='ltr'><em>illa</em></span> <span class='ocrx_word' id='word_1_259' title='bbox 1422 2801 1487 2848; x_wconf 90' lang='lat' dir='ltr'><em>ante</em></span> 
     </span>
     <span class='ocr_line' id='line_1_24' title="bbox 165 2887 1487 2955; baseline -0.005 -15"><span class='ocrx_word' id='word_1_260' title='bbox 165 2889 373 2940; x_wconf 83' lang='lat' dir='ltr'><em>matrimonium</em></span> <span class='ocrx_word' id='word_1_261' title='bbox 392 2901 450 2939; x_wconf 90' lang='lat' dir='ltr'><em>non</em></span> <span class='ocrx_word' id='word_1_262' title='bbox 469 2889 636 2952; x_wconf 84' lang='lat' dir='ltr'><em>expleverit,</em></span> <span class='ocrx_word' id='word_1_263' title='bbox 654 2895 760 2955; x_wconf 89' lang='lat' dir='ltr'><em>etpost</em></span> <span class='ocrx_word' id='word_1_264' title='bbox 778 2891 987 2942; x_wconf 83' lang='lat' dir='ltr'><em>matrimonium</em></span> <span class='ocrx_word' id='word_1_265' title='bbox 1006 2891 1062 2940; x_wconf 92' lang='lat' dir='ltr'><em>iam</em></span> <span class='ocrx_word' id='word_1_266' title='bbox 1082 2891 1204 2954; x_wconf 88' lang='lat' dir='ltr'><em>nequeat</em></span> <span class='ocrx_word' id='word_1_267' title='bbox 1217 2889 1331 2951; x_wconf 87' lang='lat' dir='ltr'><em>expiere</em></span> <span class='ocrx_word' id='word_1_268' title='bbox 1350 2887 1404 2936; x_wconf 88' lang='lat' dir='ltr'><em>nisi</em></span> <span class='ocrx_word' id='word_1_269' title='bbox 1418 2898 1487 2935; x_wconf 89' lang='lat' dir='ltr'><em>oon·</em></span> 
     </span>
     <span class='ocr_line' id='line_1_25' title="bbox 165 2972 1485 3042; baseline -0.005 -14"><span class='ocrx_word' id='word_1_270' title='bbox 165 2979 303 3028; x_wconf 83' lang='lat' dir='ltr'><em>sentiente</em></span> <span class='ocrx_word' id='word_1_271' title='bbox 317 2979 427 3027; x_wconf 89' lang='lat' dir='ltr'><em>marito.</em></span> <span class='ocrx_word' id='word_1_272' title='bbox 446 2978 482 3028; x_wconf 79' lang='lat' dir='ltr'><em>at</em></span> <span class='ocrx_word' id='word_1_273' title='bbox 498 2982 591 3030; x_wconf 87' lang='lat' dir='ltr'><em>textus</em></span> <span class='ocrx_word' id='word_1_274' title='bbox 601 2979 725 3042; x_wconf 88' lang='lat' dir='ltr'><em>loquitur</em></span> <span class='ocrx_word' id='word_1_275' title='bbox 738 2992 796 3029; x_wconf 92' lang='lat' dir='ltr'><em>non</em></span> <span class='ocrx_word' id='word_1_276' title='bbox 808 2980 901 3030; x_wconf 87' lang='lat' dir='ltr'><em>solum</em></span> <span class='ocrx_word' id='word_1_277' title='bbox 910 2979 945 3030; x_wconf 90' lang='lat' dir='ltr'><em>de</em></span> <span class='ocrx_word' id='word_1_278' title='bbox 959 2980 1025 3030; x_wconf 89' lang='lat' dir='ltr'><em>voto</em></span> <span class='ocrx_word' id='word_1_279' title='bbox 1035 2976 1143 3042; x_wconf 89' lang='lat' dir='ltr'><em>aliquid</em></span> <span class='ocrx_word' id='word_1_280' title='bbox 1155 2975 1241 3026; x_wconf 86' lang='lat' dir='ltr'><em>dandi</em></span> <span class='ocrx_word' id='word_1_281' title='bbox 1251 2976 1297 3025; x_wconf 89' lang='lat' dir='ltr'><em>vel</em></span> <span class='ocrx_word' id='word_1_282' title='bbox 1312 2972 1485 3037; x_wconf 87' lang='lat' dir='ltr'><em>praestandi,</em></span> 
     </span>
     <span class='ocr_line' id='line_1_26' title="bbox 164 3058 1485 3130; baseline -0.004 -15"><span class='ocrx_word' id='word_1_283' title='bbox 164 3066 243 3115; x_wconf 90' lang='lat' dir='ltr'><em>ouius</em></span> <span class='ocrx_word' id='word_1_284' title='bbox 253 3065 379 3128; x_wconf 84' lang='lat' dir='ltr'><em>impletio</em></span> <span class='ocrx_word' id='word_1_285' title='bbox 390 3064 562 3128; x_wconf 83' lang='lat' dir='ltr'><em>aliquamdiu</em></span> <span class='ocrx_word' id='word_1_286' title='bbox 572 3065 679 3117; x_wconf 77' lang='lat' dir='ltr'><em>differri</em></span> <span class='ocrx_word' id='word_1_287' title='bbox 693 3069 797 3130; x_wconf 84' lang='lat' dir='ltr'><em>possit,</em></span> <span class='ocrx_word' id='word_1_288' title='bbox 809 3066 938 3119; x_wconf 86' lang='lat' dir='ltr'><em>seditem</em></span> <span class='ocrx_word' id='word_1_289' title='bbox 952 3065 987 3117; x_wconf 89' lang='lat' dir='ltr'><em>de</em></span> <span class='ocrx_word' id='word_1_290' title='bbox 996 3069 1064 3117; x_wconf 90' lang='lat' dir='ltr'><em>voto</em></span> <span class='ocrx_word' id='word_1_291' title='bbox 1074 3065 1263 3114; x_wconf 84' lang='lat' dir='ltr'><em>abstinentiae</em></span> <span class='ocrx_word' id='word_1_292' title='bbox 1280 3058 1315 3126; x_wconf 81' lang='lat' dir='ltr'><em>(v.</em></span> <span class='ocrx_word' id='word_1_293' title='bbox 1328 3075 1355 3124; x_wconf 84' lang='lat' dir='ltr'><em>g.</em></span> <span class='ocrx_word' id='word_1_294' title='bbox 1368 3075 1385 3110; x_wconf 87' lang='lat' dir='ltr'><em>a</em></span> <span class='ocrx_word' id='word_1_295' title='bbox 1397 3059 1485 3122; x_wconf 81' lang='lat' dir='ltr'><em>vino),</em></span> 
     </span>
     <span class='ocr_line' id='line_1_27' title="bbox 165 3148 1485 3216; baseline -0.005 -14"><span class='ocrx_word' id='word_1_296' title='bbox 165 3152 241 3216; x_wconf 91' lang='lat' dir='ltr'><em>quod</em></span> <span class='ocrx_word' id='word_1_297' title='bbox 255 3153 421 3216; x_wconf 89' lang='lat' dir='ltr'><em>plerumque</em></span> <span class='ocrx_word' id='word_1_298' title='bbox 437 3154 476 3202; x_wconf 89' lang='lat' dir='ltr'><em>ita</em></span> <span class='ocrx_word' id='word_1_299' title='bbox 492 3155 652 3216; x_wconf 84' lang='lat' dir='ltr'><em>suscipitur,</em></span> <span class='ocrx_word' id='word_1_300' title='bbox 669 3155 699 3203; x_wconf 91' lang='lat' dir='ltr'><em>ut</em></span> <span class='ocrx_word' id='word_1_301' title='bbox 717 3167 825 3204; x_wconf 88' lang='lat' dir='ltr'><em>vovens</em></span> <span class='ocrx_word' id='word_1_302' title='bbox 839 3167 870 3205; x_wconf 86' lang='lat' dir='ltr'><em>se</em></span> <span class='ocrx_word' id='word_1_303' title='bbox 885 3154 992 3216; x_wconf 84' lang='lat' dir='ltr'><em>obliget</em></span> <span class='ocrx_word' id='word_1_304' title='bbox 1012 3153 1047 3203; x_wconf 85' lang='lat' dir='ltr'><em>ad</em></span> <span class='ocrx_word' id='word_1_305' title='bbox 1067 3151 1135 3202; x_wconf 88' lang='lat' dir='ltr'><em>illud</em></span> <span class='ocrx_word' id='word_1_306' title='bbox 1150 3153 1245 3202; x_wconf 86' lang='lat' dir='ltr'><em>statim</em></span> <span class='ocrx_word' id='word_1_307' title='bbox 1265 3148 1485 3212; x_wconf 86' lang='lat' dir='ltr'><em>exsequendum.</em></span> 
     </span>
     <span class='ocr_line' id='line_1_28' title="bbox 164 3237 1488 3305; baseline -0.005 -15"><span class='ocrx_word' id='word_1_308' title='bbox 164 3243 239 3290; x_wconf 85' lang='lat' dir='ltr'><em>Proc.</em></span> <span class='ocrx_word' id='word_1_309' title='bbox 256 3243 335 3304; x_wconf 89' lang='lat' dir='ltr'><em>putat</em></span> <span class='ocrx_word' id='word_1_310' title='bbox 348 3243 394 3305; x_wconf 78' lang='lat' dir='ltr'><em>agi</em></span> <span class='ocrx_word' id='word_1_311' title='bbox 408 3240 443 3291; x_wconf 89' lang='lat' dir='ltr'><em>de</em></span> <span class='ocrx_word' id='word_1_312' title='bbox 459 3243 524 3291; x_wconf 90' lang='lat' dir='ltr'><em>voto</em></span> <span class='ocrx_word' id='word_1_313' title='bbox 539 3246 605 3293; x_wconf 88' lang='lat' dir='ltr'><em>ante</em></span> <span class='ocrx_word' id='word_1_314' title='bbox 620 3245 831 3292; x_wconf 85' lang='lat' dir='ltr'><em>matrimonium</em></span> <span class='ocrx_word' id='word_1_315' title='bbox 846 3245 949 3293; x_wconf 87' lang='lat' dir='ltr'><em>emisso</em></span> <span class='ocrx_word' id='word_1_316' title='bbox 966 3243 1028 3292; x_wconf 88' lang='lat' dir='ltr'><em>sine</em></span> <span class='ocrx_word' id='word_1_317' title='bbox 1043 3241 1247 3304; x_wconf 84' lang='lat' dir='ltr'><em>approbatione</em></span> <span class='ocrx_word' id='word_1_318' title='bbox 1263 3238 1351 3302; x_wconf 86' lang='lat' dir='ltr'><em>patris</em></span> <span class='ocrx_word' id='word_1_319' title='bbox 1368 3250 1373 3284; x_wconf 94' lang='lat'>:</span> <span class='ocrx_word' id='word_1_320' title='bbox 1391 3237 1488 3299; x_wconf 89' lang='lat' dir='ltr'><em>nequit</em></span> 
     </span>
     <span class='ocr_line' id='line_1_29' title="bbox 165 3325 1487 3394; baseline -0.005 -15"><span class='ocrx_word' id='word_1_321' title='bbox 165 3330 365 3390; x_wconf 86' lang='lat' dir='ltr'><em>demonstrari,</em></span> <span class='ocrx_word' id='word_1_322' title='bbox 380 3330 434 3380; x_wconf 85' lang='lat' dir='ltr'><em>hoc</em></span> <span class='ocrx_word' id='word_1_323' title='bbox 449 3329 540 3380; x_wconf 87' lang='lat' dir='ltr'><em>solum</em></span> <span class='ocrx_word' id='word_1_324' title='bbox 554 3331 613 3380; x_wconf 87' lang='lat' dir='ltr'><em>voti</em></span> <span class='ocrx_word' id='word_1_325' title='bbox 627 3342 718 3393; x_wconf 80' lang='lat' dir='ltr'><em>genus</em></span> <span class='ocrx_word' id='word_1_326' title='bbox 731 3332 760 3380; x_wconf 91' lang='lat' dir='ltr'><em>in</em></span> <span class='ocrx_word' id='word_1_327' title='bbox 776 3335 855 3380; x_wconf 89' lang='lat' dir='ltr'><em>textu</em></span> <span class='ocrx_word' id='word_1_328' title='bbox 866 3331 995 3394; x_wconf 77' lang='lat' dir='ltr'><em>intelligi.</em></span> <span class='ocrx_word' id='word_1_329' title='bbox 1013 3331 1090 3380; x_wconf 88' lang='lat' dir='ltr'><em>Bene</em></span> <span class='ocrx_word' id='word_1_330' title='bbox 1105 3328 1232 3392; x_wconf 79' lang='lat' dir='ltr'><em>suggerit</em></span> <span class='ocrx_word' id='word_1_331' title='bbox 1246 3325 1340 3390; x_wconf 77' lang='lat' dir='ltr'><em>Bonsr.</em></span> <span class='ocrx_word' id='word_1_332' title='bbox 1362 3325 1417 3374; x_wconf 89' lang='lat' dir='ltr'><em>huo</em></span> <span class='ocrx_word' id='word_1_333' title='bbox 1429 3326 1487 3374; x_wconf 89' lang='lat' dir='ltr'><em>tra-</em></span> 
     </span>
     <span class='ocr_line' id='line_1_30' title="bbox 165 3413 1487 3484; baseline -0.003 -18"><span class='ocrx_word' id='word_1_334' title='bbox 165 3417 257 3469; x_wconf 86' lang='lat' dir='ltr'><em>henda</em></span> <span class='ocrx_word' id='word_1_335' title='bbox 271 3429 335 3468; x_wconf 85' lang='lat' dir='ltr'><em>esse</em></span> <span class='ocrx_word' id='word_1_336' title='bbox 349 3418 436 3469; x_wconf 90' lang='lat' dir='ltr'><em>verba</em></span> <span class='ocrx_word' id='word_1_337' title='bbox 449 3431 477 3467; x_wconf 90' lang='lat' dir='ltr'><em>v.</em></span> <span class='ocrx_word' id='word_1_338' title='bbox 495 3418 590 3482; x_wconf 78' lang='lat' dir='ltr'><em>iqua</em></span> <span class='ocrx_word' id='word_1_339' title='bbox 605 3425 643 3466; x_wconf 79' lang='lat' dir='ltr'><em>est</em></span> <span class='ocrx_word' id='word_1_340' title='bbox 658 3420 689 3468; x_wconf 84' lang='lat' dir='ltr'><em>in</em></span> <span class='ocrx_word' id='word_1_341' title='bbox 703 3419 780 3469; x_wconf 85' lang='lat' dir='ltr'><em>doma</em></span> <span class='ocrx_word' id='word_1_342' title='bbox 793 3420 884 3483; x_wconf 82' lang='lat' dir='ltr'><em>patris</em></span> <span class='ocrx_word' id='word_1_343' title='bbox 898 3420 956 3478; x_wconf 82' lang='lat' dir='ltr'><em>sui,</em></span> <span class='ocrx_word' id='word_1_344' title='bbox 972 3421 1000 3468; x_wconf 92' lang='lat' dir='ltr'><em>et</em></span> <span class='ocrx_word' id='word_1_345' title='bbox 1015 3419 1061 3484; x_wconf 77' lang='lat' dir='ltr'><em>agi</em></span> <span class='ocrx_word' id='word_1_346' title='bbox 1076 3417 1111 3468; x_wconf 90' lang='lat' dir='ltr'><em>de</em></span> <span class='ocrx_word' id='word_1_347' title='bbox 1124 3419 1283 3479; x_wconf 79' lang='lat' dir='ltr'><em>neonuptu,</em></span> <span class='ocrx_word' id='word_1_348' title='bbox 1301 3414 1350 3465; x_wconf 89' lang='lat' dir='ltr'><em>sed</em></span> <span class='ocrx_word' id='word_1_349' title='bbox 1362 3413 1487 3464; x_wconf 89' lang='lat' dir='ltr'><em>nondum</em></span> 
     </span>
     <span class='ocr_line' id='line_1_31' title="bbox 165 3502 1484 3570; baseline -0.005 -13"><span class='ocrx_word' id='word_1_350' title='bbox 165 3506 279 3557; x_wconf 83' lang='lat' dir='ltr'><em>adorno</em></span> <span class='ocrx_word' id='word_1_351' title='bbox 293 3512 410 3570; x_wconf 88' lang='lat' dir='ltr'><em>paterna</em></span> <span class='ocrx_word' id='word_1_352' title='bbox 429 3508 457 3556; x_wconf 91' lang='lat' dir='ltr'><em>in</em></span> <span class='ocrx_word' id='word_1_353' title='bbox 472 3506 586 3557; x_wconf 70' lang='lat' dir='ltr'><em>domium</em></span> <span class='ocrx_word' id='word_1_354' title='bbox 605 3507 698 3556; x_wconf 82' lang='lat' dir='ltr'><em>inariti</em></span> <span class='ocrx_word' id='word_1_355' title='bbox 718 3508 864 3558; x_wconf 87' lang='lat' dir='ltr'><em>translata.</em></span> <span class='ocrx_word' id='word_1_356' title='bbox 887 3507 964 3558; x_wconf 88' lang='lat' dir='ltr'><em>Haeo</em></span> <span class='ocrx_word' id='word_1_357' title='bbox 978 3513 1053 3557; x_wconf 88' lang='lat' dir='ltr'><em>certe</em></span> <span class='ocrx_word' id='word_1_358' title='bbox 1073 3507 1214 3570; x_wconf 85' lang='lat' dir='ltr'><em>proxime,</em></span> <span class='ocrx_word' id='word_1_359' title='bbox 1231 3504 1297 3554; x_wconf 88' lang='lat' dir='ltr'><em>licet</em></span> <span class='ocrx_word' id='word_1_360' title='bbox 1312 3515 1369 3552; x_wconf 92' lang='lat' dir='ltr'><em>non</em></span> <span class='ocrx_word' id='word_1_361' title='bbox 1387 3502 1484 3561; x_wconf 86' lang='lat' dir='ltr'><em>unice,</em></span> 
     </span>
     <span class='ocr_line' id='line_1_32' title="bbox 166 3592 1487 3660; baseline -0.004 -17"><span class='ocrx_word' id='word_1_362' title='bbox 166 3597 193 3644; x_wconf 91' lang='lat' dir='ltr'><em>in</em></span> <span class='ocrx_word' id='word_1_363' title='bbox 215 3596 293 3645; x_wconf 84' lang='lat' dir='ltr'><em>textu</em></span> <span class='ocrx_word' id='word_1_364' title='bbox 313 3595 480 3658; x_wconf 82' lang='lat' dir='ltr'><em>intelligitur</em></span> <span class='ocrx_word' id='word_1_365' title='bbox 495 3593 530 3660; x_wconf 82' lang='lat' dir='ltr'><em>(v.</em></span> <span class='ocrx_word' id='word_1_366' title='bbox 552 3597 597 3656; x_wconf 76' lang='lat' dir='ltr'><em>a).</em></span> <span class='ocrx_word' id='word_1_367' title='bbox 620 3595 817 3646; x_wconf 78' lang='lat' dir='ltr'><em>Difficultatem</em></span> <span class='ocrx_word' id='word_1_368' title='bbox 837 3595 942 3647; x_wconf 88' lang='lat' dir='ltr'><em>dirimit</em></span> <span class='ocrx_word' id='word_1_369' title='bbox 961 3595 1040 3645; x_wconf 86' lang='lat' dir='ltr'><em>Hebr.</em></span> <span class='ocrx_word' id='word_1_370' title='bbox 1064 3593 1183 3658; x_wconf 88' lang='lat' dir='ltr'><em>loquens</em></span> <span class='ocrx_word' id='word_1_371' title='bbox 1200 3592 1235 3643; x_wconf 90' lang='lat' dir='ltr'><em>de</em></span> <span class='ocrx_word' id='word_1_372' title='bbox 1257 3593 1413 3654; x_wconf 88' lang='lat' dir='ltr'><em>neonupta,</em></span> <span class='ocrx_word' id='word_1_373' title='bbox 1431 3601 1487 3640; x_wconf 89' lang='lat' dir='ltr'><em>non</em></span> 
     </span>
     <span class='ocr_line' id='line_1_33' title="bbox 165 3679 1487 3749; baseline -0.004 -17"><span class='ocrx_word' id='word_1_374' title='bbox 165 3695 237 3748; x_wconf 88' lang='lat' dir='ltr'><em>quae</em></span> <span class='ocrx_word' id='word_1_375' title='bbox 252 3685 316 3746; x_wconf 90' lang='lat' dir='ltr'><em>post</em></span> <span class='ocrx_word' id='word_1_376' title='bbox 327 3684 441 3746; x_wconf 90' lang='lat' dir='ltr'><em>nuptias</em></span> <span class='ocrx_word' id='word_1_377' title='bbox 454 3685 601 3734; x_wconf 87' lang='lat' dir='ltr'><em>contrahat</em></span> <span class='ocrx_word' id='word_1_378' title='bbox 616 3684 842 3745; x_wconf 63' lang='lat' dir='ltr'><em>rotundatas</em></span> <span class='ocrx_word' id='word_1_379' title='bbox 856 3684 960 3749; x_wconf 89' lang='lat' dir='ltr'><em>quippe</em></span> <span class='ocrx_word' id='word_1_380' title='bbox 972 3686 1060 3747; x_wconf 89' lang='lat' dir='ltr'><em>agunt</em></span> <span class='ocrx_word' id='word_1_381' title='bbox 1069 3697 1096 3733; x_wconf 89' lang='lat' dir='ltr'><em>v.</em></span> <span class='ocrx_word' id='word_1_382' title='bbox 1112 3683 1140 3732; x_wconf 97' lang='grc'><em>11</em></span> <span class='ocrx_word' id='word_1_383' title='bbox 1153 3695 1208 3746; x_wconf 81' lang='lat' dir='ltr'><em>sq,</em></span> <span class='ocrx_word' id='word_1_384' title='bbox 1225 3679 1274 3732; x_wconf 87' lang='lat' dir='ltr'><em>sed</em></span> <span class='ocrx_word' id='word_1_385' title='bbox 1288 3692 1360 3744; x_wconf 87' lang='lat' dir='ltr'><em>quae</em></span> <span class='ocrx_word' id='word_1_386' title='bbox 1375 3680 1487 3742; x_wconf 90' lang='lat' dir='ltr'><em>nuptias</em></span> 
     </span>
     <span class='ocr_line' id='line_1_34' title="bbox 166 3768 1485 3836; baseline -0.005 -15"><span class='ocrx_word' id='word_1_387' title='bbox 166 3770 338 3822; x_wconf 87' lang='lat' dir='ltr'><em>contrahens</em></span> <span class='ocrx_word' id='word_1_388' title='bbox 352 3772 408 3820; x_wconf 88' lang='lat' dir='ltr'><em>tam</em></span> <span class='ocrx_word' id='word_1_389' title='bbox 423 3771 538 3821; x_wconf 73' lang='lat' dir='ltr'><em>liniebat</em></span> <span class='ocrx_word' id='word_1_390' title='bbox 554 3777 642 3820; x_wconf 80' lang='lat' dir='ltr'><em>votirm</em></span> <span class='ocrx_word' id='word_1_391' title='bbox 657 3775 740 3822; x_wconf 89' lang='lat' dir='ltr'><em>antea</em></span> <span class='ocrx_word' id='word_1_392' title='bbox 755 3775 920 3836; x_wconf 85' lang='lat' dir='ltr'><em>conceptum</em></span> <span class='ocrx_word' id='word_1_393' title='bbox 933 3773 961 3822; x_wconf 88' lang='lat' dir='ltr'><em>et</em></span> <span class='ocrx_word' id='word_1_394' title='bbox 973 3777 1058 3823; x_wconf 90' lang='lat' dir='ltr'><em>antea</em></span> <span class='ocrx_word' id='word_1_395' title='bbox 1072 3783 1141 3822; x_wconf 88' lang='lat' dir='ltr'><em>sane</em></span> <span class='ocrx_word' id='word_1_396' title='bbox 1156 3783 1173 3820; x_wconf 88' lang='lat' dir='ltr'><em>a</em></span> <span class='ocrx_word' id='word_1_397' title='bbox 1187 3774 1266 3834; x_wconf 89' lang='lat' dir='ltr'><em>patre</em></span> <span class='ocrx_word' id='word_1_398' title='bbox 1281 3768 1485 3832; x_wconf 86' lang='lat' dir='ltr'><em>approbatum:</em></span> 
     </span>
     <span class='ocr_line' id='line_1_35' title="bbox 164 3854 1487 3932; baseline -0.004 -24"><span class='ocrx_word' id='word_1_399' title='bbox 164 3861 230 3932; x_wconf 84' lang='lat' dir='ltr'><em>post</em></span> <span class='ocrx_word' id='word_1_400' title='bbox 244 3861 357 3922; x_wconf 86' lang='lat' dir='ltr'><em>nuptias</em></span> <span class='ocrx_word' id='word_1_401' title='bbox 369 3859 529 3922; x_wconf 87' lang='lat' dir='ltr'><em>requiritur,</em></span> <span class='ocrx_word' id='word_1_402' title='bbox 547 3861 578 3908; x_wconf 92' lang='lat' dir='ltr'><em>ut</em></span> <span class='ocrx_word' id='word_1_403' title='bbox 598 3860 667 3910; x_wconf 88' lang='lat' dir='ltr'><em>iilud</em></span> <span class='ocrx_word' id='word_1_404' title='bbox 682 3862 799 3911; x_wconf 87' lang='lat' dir='ltr'><em>maritus</em></span> <span class='ocrx_word' id='word_1_405' title='bbox 819 3862 887 3911; x_wconf 88' lang='lat' dir='ltr'><em>item</em></span> <span class='ocrx_word' id='word_1_406' title='bbox 909 3863 1001 3910; x_wconf 87' lang='lat' dir='ltr'><em>ratum</em></span> <span class='ocrx_word' id='word_1_407' title='bbox 1016 3861 1129 3910; x_wconf 86' lang='lat' dir='ltr'><em>haheat.</em></span> <span class='ocrx_word' id='word_1_408' title='bbox 1149 3884 1185 3895; x_wconf 91' lang='lat'>-</span> <span class='ocrx_word' id='word_1_409' title='bbox 1202 3857 1257 3908; x_wconf 85' lang='lat' dir='ltr'><em>Sed</em></span> <span class='ocrx_word' id='word_1_410' title='bbox 1277 3856 1402 3919; x_wconf 87' lang='lat' dir='ltr'><em>quidest</em></span> <span class='ocrx_word' id='word_1_411' title='bbox 1419 3854 1487 3904; x_wconf 88' lang='lat' dir='ltr'><em>iilud</em></span> 
     </span>
     <span class='ocr_line' id='line_1_36' title="bbox 165 3943 1487 4011; baseline -0.004 -15"><span class='ocrx_word' id='word_1_412' title='bbox 165 3946 353 4010; x_wconf 83' lang='lat' dir='ltr'><em>vaniloquium</em></span> <span class='ocrx_word' id='word_1_413' title='bbox 377 3947 525 4008; x_wconf 80' lang='lat' dir='ltr'><em>lubiorum,</em></span> <span class='ocrx_word' id='word_1_414' title='bbox 547 3961 598 4010; x_wconf 92' lang='lat' dir='ltr'><em>quo</em></span> <span class='ocrx_word' id='word_1_415' title='bbox 620 3947 748 4011; x_wconf 86' lang='lat' dir='ltr'><em>attiqavit</em></span> <span class='ocrx_word' id='word_1_416' title='bbox 771 3949 1011 3998; x_wconf 79' lang='lat' dir='ltr'><em>animam-ruam?</em></span> <span class='ocrx_word' id='word_1_417' title='bbox 1031 3948 1126 3998; x_wconf 87' lang='lat' dir='ltr'><em>Verba</em></span> <span class='ocrx_word' id='word_1_418' title='bbox 1149 3948 1188 3997; x_wconf 90' lang='lat' dir='ltr'><em>ita</em></span> <span class='ocrx_word' id='word_1_419' title='bbox 1211 3943 1348 3995; x_wconf 83' lang='lat' dir='ltr'><em>vertenda</em></span> <span class='ocrx_word' id='word_1_420' title='bbox 1369 3953 1431 3992; x_wconf 88' lang='lat' dir='ltr'><em>esse</em></span> <span class='ocrx_word' id='word_1_421' title='bbox 1452 3954 1487 3991; x_wconf 87' lang='lat' dir='ltr'><em>ex</em></span> 
     </span>
     <span class='ocr_line' id='line_1_37' title="bbox 167 4031 1488 4101; baseline -0.002 -17"><span class='ocrx_word' id='word_1_422' title='bbox 167 4035 295 4086; x_wconf 81' lang='lat' dir='ltr'><em>Hebraeo</em></span> <span class='ocrx_word' id='word_1_423' title='bbox 308 4034 427 4085; x_wconf 85' lang='lat' dir='ltr'><em>officitur</em></span> <span class='ocrx_word' id='word_1_424' title='bbox 437 4048 472 4085; x_wconf 84' lang='lat' dir='ltr'><em>ex</em></span> <span class='ocrx_word' id='word_1_425' title='bbox 484 4035 552 4086; x_wconf 85' lang='lat' dir='ltr'><em>Lev.</em></span> <span class='ocrx_word' id='word_1_426' title='bbox 568 4035 613 4097; x_wconf 81' lang='lat' dir='ltr'><em>5,i</em></span> <span class='ocrx_word' id='word_1_427' title='bbox 627 4049 633 4084; x_wconf 92' lang='lat'><strong>:</strong></span> <span class='ocrx_word' id='word_1_428' title='bbox 649 4036 694 4086; x_wconf 75' lang='lat' dir='ltr'><em>«st</em></span> <span class='ocrx_word' id='word_1_429' title='bbox 709 4039 772 4101; x_wconf 89' lang='lat' dir='ltr'><em>quis</em></span> <span class='ocrx_word' id='word_1_430' title='bbox 783 4038 917 4088; x_wconf 86' lang='lat' dir='ltr'><em>iuraverit</em></span> <span class='ocrx_word' id='word_1_431' title='bbox 927 4039 956 4086; x_wconf 90' lang='lat' dir='ltr'><em>in</em></span> <span class='ocrx_word' id='word_1_432' title='bbox 967 4037 1133 4101; x_wconf 89' lang='lat' dir='ltr'><em>vaniloquio</em></span> <span class='ocrx_word' id='word_1_433' title='bbox 1142 4034 1302 4091; x_wconf 88' lang='lat' dir='ltr'><em>verborum,</em></span> <span class='ocrx_word' id='word_1_434' title='bbox 1314 4037 1345 4080; x_wconf 92' lang='lat' dir='ltr'><em>ut</em></span> <span class='ocrx_word' id='word_1_435' title='bbox 1356 4031 1402 4081; x_wconf 90' lang='lat' dir='ltr'><em>vel</em></span> <span class='ocrx_word' id='word_1_436' title='bbox 1415 4031 1488 4082; x_wconf 87' lang='lat' dir='ltr'><em>male</em></span> 
     </span>
     <span class='ocr_line' id='line_1_38' title="bbox 166 4119 1486 4188; baseline -0.005 -13"><span class='ocrx_word' id='word_1_437' title='bbox 166 4121 232 4187; x_wconf 90' lang='lat' dir='ltr'><em>quid</em></span> <span class='ocrx_word' id='word_1_438' title='bbox 247 4123 332 4173; x_wconf 86' lang='lat' dir='ltr'><em>iaciat</em></span> <span class='ocrx_word' id='word_1_439' title='bbox 344 4123 389 4172; x_wconf 89' lang='lat' dir='ltr'><em>vel</em></span> <span class='ocrx_word' id='word_1_440' title='bbox 403 4123 475 4174; x_wconf 86' lang='lat' dir='ltr'><em>bene</em></span> <span class='ocrx_word' id='word_1_441' title='bbox 491 4126 544 4174; x_wconf 89' lang='lat' dir='ltr'><em>ete.</em></span> <span class='ocrx_word' id='word_1_442' title='bbox 563 4139 586 4172; x_wconf 75' lang='lat' dir='ltr'><em>s.</em></span> <span class='ocrx_word' id='word_1_443' title='bbox 604 4123 753 4188; x_wconf 84' lang='lat' dir='ltr'><em>Expressio</em></span> <span class='ocrx_word' id='word_1_444' title='bbox 768 4127 862 4176; x_wconf 89' lang='lat' dir='ltr'><em>autem</em></span> <span class='ocrx_word' id='word_1_445' title='bbox 877 4125 1023 4177; x_wconf 88' lang='lat' dir='ltr'><em>evidenter</em></span> <span class='ocrx_word' id='word_1_446' title='bbox 1037 4134 1193 4187; x_wconf 81' lang='lat' dir='ltr'><em>synonyma</em></span> <span class='ocrx_word' id='word_1_447' title='bbox 1203 4123 1246 4171; x_wconf 88' lang='lat' dir='ltr'><em>est</em></span> <span class='ocrx_word' id='word_1_448' title='bbox 1260 4119 1449 4182; x_wconf 84' lang='lat' dir='ltr'><em>expressionis</em></span> <span class='ocrx_word' id='word_1_449' title='bbox 1458 4132 1486 4168; x_wconf 89' lang='lat' dir='ltr'><em>v.</em></span> 
     </span>
     <span class='ocr_line' id='line_1_39' title="bbox 167 4206 1488 4276; baseline -0.005 -15"><span class='ocrx_word' id='word_1_450' title='bbox 167 4213 181 4261; x_wconf 81' lang='lat'>8</span> <span class='ocrx_word' id='word_1_451' title='bbox 199 4225 205 4260; x_wconf 91' lang='lat'>:</span> <span class='ocrx_word' id='word_1_452' title='bbox 222 4211 363 4274; x_wconf 81' lang='lat' dir='ltr'><em>obtiqatio,</em></span> <span class='ocrx_word' id='word_1_453' title='bbox 380 4226 433 4274; x_wconf 86' lang='lat' dir='ltr'><em>qua</em></span> <span class='ocrx_word' id='word_1_454' title='bbox 448 4211 580 4276; x_wconf 76' lang='lat' dir='ltr'><em>obliquati</em></span> <span class='ocrx_word' id='word_1_455' title='bbox 596 4214 716 4262; x_wconf 86' lang='lat' dir='ltr'><em>animam</em></span> <span class='ocrx_word' id='word_1_456' title='bbox 728 4227 814 4274; x_wconf 85' lang='lat' dir='ltr'><em>suam,</em></span> <span class='ocrx_word' id='word_1_457' title='bbox 827 4218 855 4264; x_wconf 89' lang='lat' dir='ltr'><em>et</em></span> <span class='ocrx_word' id='word_1_458' title='bbox 869 4227 980 4264; x_wconf 88' lang='lat' dir='ltr'><em>rursum</em></span> <span class='ocrx_word' id='word_1_459' title='bbox 995 4211 1187 4276; x_wconf 87' lang='lat' dir='ltr'><em>expressionis</em></span> <span class='ocrx_word' id='word_1_460' title='bbox 1200 4221 1228 4260; x_wconf 88' lang='lat' dir='ltr'><em>v.</em></span> <span class='ocrx_word' id='word_1_461' title='bbox 1243 4209 1257 4258; x_wconf 86' lang='grc'><strong>9</strong></span> <span class='ocrx_word' id='word_1_462' title='bbox 1276 4222 1282 4256; x_wconf 96' lang='lat'><strong>:</strong></span> <span class='ocrx_word' id='word_1_463' title='bbox 1300 4206 1488 4269; x_wconf 84' lang='lat' dir='ltr'><em>vaniloquium</em></span> 
     </span>
     <span class='ocr_line' id='line_1_40' title="bbox 168 4295 1559 4367; baseline -0.005 -17"><span class='ocrx_word' id='word_1_464' title='bbox 168 4301 315 4358; x_wconf 85' lang='lat' dir='ltr'><em>labiorum,</em></span> <span class='ocrx_word' id='word_1_465' title='bbox 331 4313 382 4362; x_wconf 89' lang='lat' dir='ltr'><em>quo</em></span> <span class='ocrx_word' id='word_1_466' title='bbox 397 4299 529 4364; x_wconf 81' lang='lat' dir='ltr'><em>obliquati</em></span> <span class='ocrx_word' id='word_1_467' title='bbox 548 4302 668 4350; x_wconf 87' lang='lat' dir='ltr'><em>animam</em></span> <span class='ocrx_word' id='word_1_468' title='bbox 687 4301 949 4367; x_wconf 60' lang='lat' dir='ltr'><em>suammetipsam</em></span> <span class='ocrx_word' id='word_1_469' title='bbox 968 4303 1065 4352; x_wconf 84' lang='lat' dir='ltr'><em>votum</em></span> <span class='ocrx_word' id='word_1_470' title='bbox 1085 4297 1281 4350; x_wconf 87' lang='lat' dir='ltr'><em>abstinentiae.</em></span> <span class='ocrx_word' id='word_1_471' title='bbox 1299 4295 1362 4345; x_wconf 72' lang='lat' dir='ltr'><em>itt</em></span> <span class='ocrx_word' id='word_1_472' title='bbox 1380 4299 1487 4346; x_wconf 84' lang='lat' dir='ltr'><em>textum</em></span> <span class='ocrx_word' id='word_1_473' title='bbox 1555 4319 1559 4327; x_wconf 90' lang='lat'>·</span> 
     </span>
     <span class='ocr_line' id='line_1_41' title="bbox 167 4384 1488 4452; baseline -0.005 -14"><span class='ocrx_word' id='word_1_474' title='bbox 167 4403 193 4438; x_wconf 83' lang='lat' dir='ltr'><em>v.</em></span> <span class='ocrx_word' id='word_1_475' title='bbox 211 4389 236 4438; x_wconf 87' lang='grc'><em>7.</em></span> <span class='ocrx_word' id='word_1_476' title='bbox 255 4389 270 4436; x_wconf 87' lang='grc'><strong>9</strong></span> <span class='ocrx_word' id='word_1_477' title='bbox 291 4387 463 4449; x_wconf 80' lang='lat' dir='ltr'><em>defigurant,</em></span> <span class='ocrx_word' id='word_1_478' title='bbox 482 4387 576 4440; x_wconf 76' lang='lat' dir='ltr'><em>chald.</em></span> <span class='ocrx_word' id='word_1_479' title='bbox 599 4389 660 4452; x_wconf 79' lang='lat' dir='ltr'><em>Sqr.</em></span> <span class='ocrx_word' id='word_1_480' title='bbox 680 4390 759 4438; x_wconf 87' lang='lat' dir='ltr'><em>ilium</em></span> <span class='ocrx_word' id='word_1_481' title='bbox 773 4391 929 4441; x_wconf 84' lang='lat' dir='ltr'><em>attenuant.</em></span> <span class='ocrx_word' id='word_1_482' title='bbox 951 4389 1040 4452; x_wconf 86' lang='lat' dir='ltr'><em>Nota,</em></span> <span class='ocrx_word' id='word_1_483' title='bbox 1061 4399 1119 4439; x_wconf 93' lang='lat' dir='ltr'><em>non</em></span> <span class='ocrx_word' id='word_1_484' title='bbox 1140 4385 1276 4450; x_wconf 89' lang='lat' dir='ltr'><em>appellari</em></span> <span class='ocrx_word' id='word_1_485' title='bbox 1295 4384 1488 4447; x_wconf 80' lang='lat' dir='ltr'><em>vaniloquium</em></span> 
     </span>
     <span class='ocr_line' id='line_1_42' title="bbox 165 4473 1487 4542; baseline -0.005 -16"><span class='ocrx_word' id='word_1_486' title='bbox 165 4489 193 4526; x_wconf 86' lang='lat' dir='ltr'><em>v.</em></span> <span class='ocrx_word' id='word_1_487' title='bbox 212 4475 226 4524; x_wconf 85' lang='grc'>1</span> <span class='ocrx_word' id='word_1_488' title='bbox 247 4487 310 4539; x_wconf 87' lang='lat' dir='ltr'><em>sqq.</em></span> <span class='ocrx_word' id='word_1_489' title='bbox 335 4478 431 4525; x_wconf 90' lang='lat' dir='ltr'><em>votum</em></span> <span class='ocrx_word' id='word_1_490' title='bbox 450 4477 637 4528; x_wconf 87' lang='lat' dir='ltr'><em>abstinentiae</em></span> <span class='ocrx_word' id='word_1_491' title='bbox 651 4479 786 4542; x_wconf 85' lang='lat' dir='ltr'><em>innuptae</em></span> <span class='ocrx_word' id='word_1_492' title='bbox 804 4491 895 4542; x_wconf 89' lang='lat' dir='ltr'><em>neque</em></span> <span class='ocrx_word' id='word_1_493' title='bbox 912 4478 1014 4529; x_wconf 91' lang='lat' dir='ltr'><em>viduae</em></span> <span class='ocrx_word' id='word_1_494' title='bbox 1030 4481 1079 4527; x_wconf 90' lang='lat' dir='ltr'><em>aut</em></span> <span class='ocrx_word' id='word_1_495' title='bbox 1096 4473 1260 4538; x_wconf 86' lang='lat' dir='ltr'><em>repudiatae</em></span> <span class='ocrx_word' id='word_1_496' title='bbox 1278 4487 1306 4522; x_wconf 89' lang='lat' dir='ltr'><em>v.</em></span> <span class='ocrx_word' id='word_1_497' title='bbox 1331 4473 1377 4531; x_wconf 84' lang='lat'><em>10,</em></span> <span class='ocrx_word' id='word_1_498' title='bbox 1396 4483 1487 4534; x_wconf 89' lang='lat' dir='ltr'><em>neque</em></span> 
     </span>
     <span class='ocr_line' id='line_1_43' title="bbox 167 4560 1487 4630; baseline -0.005 -16"><span class='ocrx_word' id='word_1_499' title='bbox 167 4564 262 4614; x_wconf 79' lang='lat' dir='ltr'><em>rixeris</em></span> <span class='ocrx_word' id='word_1_500' title='bbox 275 4576 302 4612; x_wconf 79' lang='lat' dir='ltr'><em>u.</em></span> <span class='ocrx_word' id='word_1_501' title='bbox 327 4563 354 4613; x_wconf 96' lang='grc'><em>11</em></span> <span class='ocrx_word' id='word_1_502' title='bbox 372 4576 445 4629; x_wconf 83' lang='lat' dir='ltr'><em>sqq,</em></span> <span class='ocrx_word' id='word_1_503' title='bbox 462 4564 512 4614; x_wconf 87' lang='lat' dir='ltr'><em>sed</em></span> <span class='ocrx_word' id='word_1_504' title='bbox 525 4565 617 4615; x_wconf 85' lang='lat' dir='ltr'><em>solum</em></span> <span class='ocrx_word' id='word_1_505' title='bbox 632 4567 693 4616; x_wconf 90' lang='lat' dir='ltr'><em>eius</em></span> <span class='ocrx_word' id='word_1_506' title='bbox 706 4579 779 4630; x_wconf 89' lang='lat' dir='ltr'><em>quae</em></span> <span class='ocrx_word' id='word_1_507' title='bbox 794 4568 1002 4616; x_wconf 89' lang='lat' dir='ltr'><em>matrimonium</em></span> <span class='ocrx_word' id='word_1_508' title='bbox 1021 4564 1179 4628; x_wconf 81' lang='lat' dir='ltr'><em>ingreditur</em></span> <span class='ocrx_word' id='word_1_509' title='bbox 1198 4576 1204 4612; x_wconf 90' lang='lat'>:</span> <span class='ocrx_word' id='word_1_510' title='bbox 1221 4560 1362 4612; x_wconf 89' lang='lat' dir='ltr'><em>laudabile</em></span> <span class='ocrx_word' id='word_1_511' title='bbox 1379 4565 1422 4610; x_wconf 89' lang='lat' dir='ltr'><em>est</em></span> <span class='ocrx_word' id='word_1_512' title='bbox 1436 4572 1487 4608; x_wconf 90' lang='lat' dir='ltr'><em>vo-</em></span> 
     </span>
     <span class='ocr_line' id='line_1_44' title="bbox 167 4649 1558 4720; baseline -0.006 -16"><span class='ocrx_word' id='word_1_513' title='bbox 167 4659 226 4704; x_wconf 90' lang='lat' dir='ltr'><em>tum</em></span> <span class='ocrx_word' id='word_1_514' title='bbox 240 4651 428 4703; x_wconf 85' lang='lat' dir='ltr'><em>abstinentiae</em></span> <span class='ocrx_word' id='word_1_515' title='bbox 442 4654 471 4702; x_wconf 92' lang='lat' dir='ltr'><em>in</em></span> <span class='ocrx_word' id='word_1_516' title='bbox 489 4653 588 4703; x_wconf 90' lang='lat' dir='ltr'><em>solutis</em></span> <span class='ocrx_word' id='word_1_517' title='bbox 600 4656 628 4704; x_wconf 92' lang='lat' dir='ltr'><em>et</em></span> <span class='ocrx_word' id='word_1_518' title='bbox 646 4655 674 4704; x_wconf 89' lang='lat' dir='ltr'><em>in</em></span> <span class='ocrx_word' id='word_1_519' title='bbox 691 4654 803 4718; x_wconf 85' lang='lat' dir='ltr'><em>ligatis,</em></span> <span class='ocrx_word' id='word_1_520' title='bbox 819 4668 877 4706; x_wconf 91' lang='lat' dir='ltr'><em>non</em></span> <span class='ocrx_word' id='word_1_521' title='bbox 891 4667 957 4706; x_wconf 91' lang='lat' dir='ltr'><em>vero</em></span> <span class='ocrx_word' id='word_1_522' title='bbox 972 4654 1004 4704; x_wconf 90' lang='lat' dir='ltr'><em>ln</em></span> <span class='ocrx_word' id='word_1_523' title='bbox 1018 4651 1260 4717; x_wconf 88' lang='lat' dir='ltr'><em>nupturientibus,</em></span> <span class='ocrx_word' id='word_1_524' title='bbox 1277 4660 1350 4712; x_wconf 88' lang='lat' dir='ltr'><em>quae</em></span> <span class='ocrx_word' id='word_1_525' title='bbox 1364 4649 1488 4711; x_wconf 84' lang='lat' dir='ltr'><em>cogitent</em></span> <span class='ocrx_word' id='word_1_526' title='bbox 1554 4711 1558 4720; x_wconf 38' lang='grc' dir='ltr'>Ι</span> 
     </span>
     <span class='ocr_line' id='line_1_45' title="bbox 168 4735 1488 4806; baseline -0.006 -14"><span class='ocrx_word' id='word_1_527' title='bbox 168 4742 277 4805; x_wconf 87' lang='lat' dir='ltr'><em>oportet</em></span> <span class='ocrx_word' id='word_1_528' title='bbox 295 4739 436 4805; x_wconf 64' lang='lat' dir='ltr'><em>womodo</em></span> <span class='ocrx_word' id='word_1_529' title='bbox 453 4741 582 4804; x_wconf 87' lang='lat' dir='ltr'><em>plaoeant</em></span> <span class='ocrx_word' id='word_1_530' title='bbox 598 4744 673 4803; x_wconf 85' lang='lat' dir='ltr'><em>viro,</em></span> <span class='ocrx_word' id='word_1_531' title='bbox 691 4742 810 4806; x_wconf 88' lang='lat' dir='ltr'><em>ideoque</em></span> <span class='ocrx_word' id='word_1_532' title='bbox 825 4756 881 4793; x_wconf 90' lang='lat' dir='ltr'><em>non</em></span> <span class='ocrx_word' id='word_1_533' title='bbox 897 4742 999 4793; x_wconf 89' lang='lat' dir='ltr'><em>debent</em></span> <span class='ocrx_word' id='word_1_534' title='bbox 1013 4741 1086 4791; x_wconf 84' lang='lat' dir='ltr'><em>votis</em></span> <span class='ocrx_word' id='word_1_535' title='bbox 1102 4753 1133 4792; x_wconf 89' lang='lat' dir='ltr'><em>se</em></span> <span class='ocrx_word' id='word_1_536' title='bbox 1147 4739 1291 4803; x_wconf 83' lang='lat' dir='ltr'><em>implicare</em></span> <span class='ocrx_word' id='word_1_537' title='bbox 1308 4737 1349 4785; x_wconf 89' lang='grc'>1111</span> <span class='ocrx_word' id='word_1_538' title='bbox 1368 4735 1488 4786; x_wconf 85' lang='lat' dir='ltr'><em>iortasse</em></span> 
     </span>
     <span class='ocr_line' id='line_1_46' title="bbox 168 4823 1373 4892; baseline -0.003 -14"><span class='ocrx_word' id='word_1_539' title='bbox 168 4827 267 4880; x_wconf 86' lang='lat' dir='ltr'><em>tuturis</em></span> <span class='ocrx_word' id='word_1_540' title='bbox 283 4829 375 4880; x_wconf 88' lang='lat' dir='ltr'><em>minus</em></span> <span class='ocrx_word' id='word_1_541' title='bbox 390 4831 492 4892; x_wconf 78' lang='lat' dir='ltr'><em>gratis,</em></span> <span class='ocrx_word' id='word_1_542' title='bbox 509 4831 557 4881; x_wconf 90' lang='lat' dir='ltr'><em>aut</em></span> <span class='ocrx_word' id='word_1_543' title='bbox 574 4834 649 4882; x_wconf 86' lang='lat' dir='ltr'><em>oerte</em></span> <span class='ocrx_word' id='word_1_544' title='bbox 666 4830 769 4881; x_wconf 88' lang='lat' dir='ltr'><em>debent</em></span> <span class='ocrx_word' id='word_1_545' title='bbox 783 4833 848 4881; x_wconf 88' lang='lat' dir='ltr'><em>ante</em></span> <span class='ocrx_word' id='word_1_546' title='bbox 867 4831 1076 4881; x_wconf 88' lang='lat' dir='ltr'><em>matrimonium</em></span> <span class='ocrx_word' id='word_1_547' title='bbox 1094 4829 1120 4880; x_wconf 91' lang='lat' dir='ltr'><em>ei</em></span> <span class='ocrx_word' id='word_1_548' title='bbox 1139 4828 1187 4877; x_wconf 89' lang='lat' dir='ltr'><em>illa</em></span> <span class='ocrx_word' id='word_1_549' title='bbox 1206 4823 1373 4890; x_wconf 87' lang='lat' dir='ltr'><em>pateiaoero.</em></span> 
     </span>
    </p>
   </div>
   <div class='ocr_carea' id='block_1_4' title="bbox 0 0 1786 5406">
    <p class='ocr_par' dir='ltr' id='par_1_5' title="bbox 0 0 1786 5406">
     <span class='ocr_line' id='line_1_47' title="bbox 0 0 1786 5406; baseline 0 0"><span class='ocrx_word' id='word_1_550' title='bbox 0 0 1786 5406; x_wconf 95' lang='lat' dir='ltr'><em> </em></span> 
     </span>
    </p>
   </div>
  </div>
 </body>
</html>
