3572 5396
755 439 830 482 utet.
854 422 956 496 tuus.
1459 426 1516 483 tte

198 593 253 638 me
269 570 306 636 in
321 569 420 660 aquis
432 572 469 636 in
484 570 591 638 oculis
605 593 723 639 eorum
738 601 768 638 ».
783 593 814 638 v.
835 579 874 638 13
893 600 909 632 u
923 575 1017 638 Haec
1033 583 1082 638 est
1094 574 1196 662 Aqua
1213 573 1512 652 Contradlctieaz's‚

199 677 257 744 ubi
276 676 405 766 itcrpati
425 689 504 744 sttui
522 675 591 766 filii
611 677 718 744 Israel
734 691 853 744 eontra
871 680 1071 764 Douu'uum,
1093 691 1124 745 et
1149 679 1381 767 sanctificatus
1401 693 1448 747 est
1480 681 1513 746 ιἰι

199 785 246 851 eis
270 813 298 850 ».
321 789 365 851 De
388 784 508 851 eodem
530 783 669 851 nomine
692 783 818 850 Meriba
838 789 893 852 Ex.
918 792 996 866 17‚7
1015 786 1176 874 copulato
1197 785 1329 853 nomini
1349 791 1451 855 Massa
1470 791 1512 853 cl.

198 894 272 958 cut
286 912 320 979 p.
341 896 416 957 181.
434 894 536 975 Deae,
555 892 673 978 Moysis
692 896 725 957 et
744 892 884 958 Maronis
902 890 1143 958 infidelitatem
1164 913 1280 959 coram
1301 892 1429 983 populo
1450 918 1515 982 pu-

195 997 308 1078 niens,
326 996 559 1086 sanctificetur
574 996 611 1062 in
626 1019 676 1078 ee,
694 1019 789 1064 suam
805 997 877 1087 ipse
892 997 1106 1065 sanctitatem
1121 998 1327 1067 manifestat.
1353 1003 1512 1066 Ceterum

196 1109 327 1190 Moysen
346 1109 378 1170 et
393 1109 560 1170 Aaronem
580 1107 686 1170 Deum
706 1125 774 1170 non
793 1103 1021 1171 sanctificasse
1036 1103 1176 1171 effertur
1190 1107 1295 1172 etiam
1315 1107 1351 1170 in
1366 1107 1514 1172 textibus

195 1208 369 1300 parallelis
388 1215 490 1289 27,st
510 1215 543 1277 et
566 1215 661 1278 Deut.
685 1217 798 1290 aaut,
823 1209 996 1300 appellato
1020 1211 1121 1277 simul
1143 1211 1208 1277 loci
1226 1212 1366 1278 nomine
1388 1213 1510 1290 Cades3

195 1339 264 1406 quo
274 1316 347 1382 veri
358 1316 534 1383 simillima
549 1316 663 1384 evadit
677 1315 795 1405 opinio
808 1317 942 1405 densa,
957 1316 995 1384 in
1007 1317 1153 1407 repetita
1166 1317 1410 1407 sulactificuudi
1430 1343 1512 1384 voce

195 1423 301 1489 latere
315 1421 518 1489 allusionem
534 1422 720 1489 adnomen
738 1421 854 1490 Gades.
873 1428 924 1492 Se.
940 1425 1005 1490 hoc
1020 1423 1172 1513 supremi
1185 1424 1352 1491 momenti
1369 1425 1510 1506 iactent,

197 1550 265 1618 quo
284 1527 386 1595 altius
400 1530 586 1596 momoriae
601 1530 794 1610 inhaereat,
811 1531 975 1597 intexitur
989 1529 1123 1596 nomini
1140 1529 1208 1597 loci
1222 1538 1400 1620 tamquam
1416 1529 1514 1597 adiu-

198 1642 312 1702 mento
333 1636 607 1702 mnemoneutico
625 1636 679 1720 (el.
704 1640 753 1702 CG
767 1659 801 1725 p.
822 1641 861 1702 1t
874 1659 969 1726 sqq.;
986 1640 1068 1704 cut.
1083 1661 1118 1726 p.
1137 1637 1181 1724 2).

232 1818 272 1867 De
285 1823 401 1880 peccato
415 1817 517 1880 Moysis
529 1817 695 1882 disputaturi
710 1820 830 1881 primum
845 1819 954 1882 aliquas
964 1831 1054 1882 nugas
1067 1819 1257 1882 expediemus.
1274 1817 1346 1869 illud
1360 1819 1436 1868 Prae.
1453 1831 1514 1867 eer-

197 1906 280 1955 nebat
294 1909 322 1956 in
345 1921 393 1966 eo,
409 1910 440 1956 ut
457 1905 568 1968 Moyses
591 1906 677 1956 velidi
697 1919 731 1956 ex
751 1908 854 1957 virtute
873 1909 987 1971 propria
1010 1909 1135 1958 elicuerit
1158 1921 1259 1971 aquam
1282 1903 1307 1974 (r
1329 1909 1482 1970 poterimus
1502 1926 1511 1950 ,ι

196 2009 222 2044 ν.
243 1995 295 2060 io).
312 1995 471 2045 Secundum
492 1997 563 2054 cet,
579 1997 647 2046 i'ost.
670 1997 762 2045 iussus
782 2009 808 2046 v.
826 1995 961 2059 8petram
981 1997 1101 2060 alloqui,
1122 1997 1273 2060 alloquitur
1292 1997 1440 2061 populum;
1458 2011 1513 2044 nou

195 2085 256 2134 solo
271 2083 410 2148 alloquio,
426 2082 475 2134 sed
490 2085 586 2148 virgae
606 2086 661 2134 ictu
681 2085 756 2134 elicit
771 2097 887 2148 aquam,
904 2087 962 2135 ictu
980 2099 1037 2136 non
1051 2099 1108 2136 uno
1127 2086 1177 2135 sed
1194 2087 1346 2148 geminato.
1362 2085 1441 2144 Quae
1453 2098 1514 2133 om-

195 2175 242 2222 nia
261 2173 449 2224 inobedientia
462 2174 557 2236 potins
576 2177 670 2224 essent
691 2171 803 2240 (denir.)
818 2187 902 2237 quam
925 2172 1075 2224 infidelitas
1095 2171 1128 2240 lv.
1148 2173 1201 2238 12).
1214 2175 1284 2225 Cum
1304 2176 1400 2237 priora
1418 2175 1513 2235 virute

194 2266 324 2325 portenta
343 2263 437 2311 omma
454 2262 551 2324 virgae
569 2263 625 2312 ictu
639 2261 744 2313 luerint
764 2264 885 2324 patrata,
903 2264 1002 2313 merito
1020 2262 1130 2325 Moyses
1149 2263 1236 2313 verba
1253 2277 1264 2310 ι
1288 2262 1354 2312 tolle
1374 2264 1480 2324 virgam
1501 2279 1510 2305 l

196 2353 394 2413 interpretatus
409 2352 452 2400 est
465 2350 500 2401 de
514 2356 595 2414 petra
609 2353 688 2414 virga
703 2351 892 2414 percutienda.
910 2351 974 2401 Non
989 2353 1084 2402 omnia
1098 2353 1194 2400 narrat
1203 2352 1342 2414 scriptura
1358 2364 1364 2398 :
1381 2350 1452 2400 lorte
1465 2365 1512 2412 ⁴pe-

196 2441 267 2489 tram
280 2439 363 2489 etiam
374 2439 512 2489 allocutus
526 2445 569 2490 est
584 2438 704 2500 Moyses.
721 2441 757 2489 itt
772 2439 850 2498 lecit,
867 2441 983 2502 perinde
998 2446 1050 2490 est.
1069 2439 1154 2490 Pauci
1166 2440 1253 2502 aliqui
1263 2441 1355 2489 rimati
1369 2447 1445 2500 sunt,
1462 2440 1513 2487 ad-

194 2531 340 2578 miseritne
358 2527 468 2590 Moyses
482 2540 567 2590 grave
580 2531 738 2590 peecatum;
751 2529 819 2577 nibil
833 2529 866 2578 de
881 2529 934 2578 hac
949 2541 979 2578 re
995 2529 1078 2578 habet
1092 2529 1244 2592 scriptura;
1262 2529 1333 2577 nihil
1348 2527 1445 2577 inlerrl
1462 2543 1513 2590 po-

197 2623 251 2668 test
259 2631 294 2667 ex
302 2618 383 2680 gravi
393 2616 500 2667 inflicta
509 2629 618 2679 poena:
632 2619 659 2666 in
670 2620 732 2668 viro
745 2619 847 2668 exuuio
855 2619 996 2681 totiusque
1012 2617 1106 2680 populi
1115 2617 1184 2668 duce
1195 2623 1222 2668 et
1236 2618 1398 2680 legislatore
1413 2619 1513 2667 merite>

195 2709 285 2769 potuit
299 2707 374 2756 Deus
389 2707 469 2768 gravi
484 2717 575 2768 poena
594 2706 714 2768 plectere
730 2706 812 2766 illud,
827 2703 900 2768 quod
916 2707 945 2754 in
959 2707 1015 2756 aiio
1030 2707 1136 2756 nullam
1151 2713 1198 2756 aut
1213 2707 1305 2756 levem
1325 2717 1445 2768 poenam
1466 2713 1511 2753 tu-

194 2796 285 2855 lisset;
303 2795 386 2858 idque
401 2807 436 2844 eo
447 2795 538 2858 magis
550 2795 624 2858 quod
640 2797 739 2857 agatur
749 2795 783 2844 de
799 2807 889 2857 poena
904 2796 1065 2857 temporali,
1080 2807 1164 2859 quam
1186 2796 1249 2844 allis
1264 2796 1363 2858 gratiis
1377 2807 1510 2857 compen-

195 2897 257 2934 sare
273 2885 362 2946 potuit
376 2883 464 2944 Deus,
479 2896 609 2947 quaeque
625 2883 802 2946 infligebatur
817 2896 872 2932 non
887 2883 923 2933 ob
947 2885 1054 2934 reatum
1070 2889 1192 2944 tautum,
1207 2884 1257 2935 sed
1267 2884 1303 2934 ob
1317 2885 1401 2934 totius
1416 2885 1512 2945 popuii

195 2975 222 3023 et
238 2977 410 3036 posterorum
426 2974 549 3021 omnium
562 2970 757 3022 eruditionem.

238 3123 358 3186 Textus
379 3118 618 3186 difficultatem
641 3118 851 3200 nonhabet,
872 3119 932 3185 sed
954 3124 1139 3186 contextus.
1165 3119 1217 3184 Uti
1237 3119 1272 3183 in
1295 3118 1370 3207 ipso
1392 3117 1511 3184 limine

194 3226 321 3294 deserti
339 3225 432 3292 Sinai
451 3225 646 3292 habebatur
663 3231 860 3314 portentum
883 3226 920 3290 in
938 3225 1142 3314 Rephidim,
1160 3245 1251 3312 aqua
1269 3223 1339 3290 ictu
1357 3223 1476 3310 virgae
1494 3247 1511 3288 e

193 3355 277 3422 rupe
299 3332 430 3414 elicita,
453 3330 591 3420 quando
611 3331 758 3420 populus
777 3335 968 3398 tentaverat
989 3336 1112 3412 Deum,
1129 3330 1176 3396 ita
1193 3329 1230 3396 in
1246 3328 1365 3396 limine
1387 3335 1428 3396 38
1448 3353 1510 3395 an-

194 3461 335 3520 norum,
349 3437 475 3529 quibus
490 3437 594 3504 lsrael
609 3439 645 3504 in
660 3438 832 3504 desertum
853 3437 1038 3524 relegatur,
1057 3442 1189 3526 prostat
1205 3441 1404 3526 portentum
1424 3436 1510 3502 alte-

194 3568 269 3612 rum
292 3567 402 3635 aquae
422 3568 441 3611 e
461 3566 546 3634 rupe
569 3544 638 3610 ictu
666 3545 785 3631 virgae
808 3543 941 3611 elicitae
964 3563 971 3610 :
994 3549 1110 3609 tamen
1135 3543 1200 3609 hnc
1224 3542 1295 3608 vice
1327 3564 1398 3608 non
1419 3543 1510 3608 solus

192 3652 355 3742 populus,
373 3651 434 3718 sed
448 3651 518 3717 imo
534 3656 661 3738 Moyses
675 3655 709 3718 et
723 3657 838 3718 Aaron
853 3656 984 3716 tentant
999 3655 1115 3716 ileum.
1130 3655 1217 3716 Istae
1233 3648 1322 3716 dnae
1341 3649 1509 3716 narratio-

191 3783 252 3827 nes
277 3764 354 3826 sunt
379 3757 484 3824 veluti
505 3757 658 3847 porticus
686 3756 774 3824 duae
801 3756 904 3824 unius
927 3755 1113 3824 sanctuarii
1139 3755 1271 3824 aditum
1300 3755 1506 3835 disidenteS,

192 3866 320 3932 similes
339 3865 397 3932 sed
422 3886 493 3931 non
516 3864 674 3947 eaedem,
699 3887 768 3931 uno
788 3863 931 3930 consilio
951 3863 1010 3930 sed
1029 3885 1099 3930 non
1119 3885 1189 3929 uno
1208 3863 1286 3929 loco
1305 3867 1506 3928 exstructae.

193 3977 305 4061 Ipsum
325 3993 452 4037 nomen
466 3969 607 4054 Meriba,
623 3970 715 4059 quod
730 3974 763 4038 et
779 3976 835 4037 Ex.
858 3977 936 4050 17‚7
952 3975 984 4036 et
996 3973 1095 4038 Num.
1112 3976 1215 4053 20,st
1230 3968 1371 4055 legitur,
1389 3967 1510 4032 simili—

192 4078 322 4144 tudinis
338 4077 441 4144 iudex
457 4082 524 4159 est,
540 4098 608 4144 non
621 4075 824 4144 identitatis.
845 4081 969 4143 Auctor
982 4097 1098 4143 sacrae
1112 4073 1321 4142 narrationis
1341 4079 1431 4140 certe
1448 4074 1510 4138 has

193 4184 278 4250 duas
298 4183 511 4250 narrationes
530 4183 648 4250 lectori
670 4182 847 4273 proposuit
870 4190 906 4249 ut
925 4182 1093 4262 diversas3
1118 4183 1177 4271 qui
1196 4202 1276 4246 vero
1297 4179 1370 4245 sola
1391 4200 1509 4246 earum

193 4289 419 4358 similitudine
434 4289 566 4357 seducti
583 4311 640 4357 eas
654 4288 871 4356 confundunt
885 4292 1105 4378 interpretes
1122 4288 1148 4354 ii
1163 4285 1313 4354 auctoris
1328 4285 1507 4351 consilium

191 4423 227 4466 se
252 4397 412 4484 ignorare
436 4397 599 4486 produnt.
627 4400 768 4478 Verum,
793 4396 820 4462 si
843 4395 930 4462 tanti
950 4395 984 4461 in
1009 4416 1105 4462 sacra
1128 4392 1326 4460 narratione
1345 4393 1509 4458 momenti

191 4512 240 4574 est
256 4506 320 4573 hoc
334 4504 436 4571 letale
451 4502 566 4589 Moysis
581 4508 770 4592 peccatum,
785 4525 899 4570 nonne
909 4502 974 4569 hoc
989 4505 1166 4591 peecatum
1182 4498 1334 4589 oportuit
1350 4497 1508 4564 distinete

190 4611 348 4681 narrari?
365 4615 529 4690 lamver0‚
552 4607 617 4676 hoe
636 4615 811 4699 peccatum
836 4609 938 4699 quale
958 4609 1078 4693 luerit,
1100 4628 1229 4694 magna
1250 4610 1352 4672 estet
1373 4626 1511 4693 semper

189 4720 255 4788 fuit
268 4719 359 4787 inter
372 4719 576 4808 interpretes
590 4715 801 4806 disceptatio.

232 4831 300 4896 Hoc
320 4825 428 4914 igitur
445 4829 622 4915 peecatum
638 4821 786 4891 nonfuit
804 4821 840 4888 in
859 4821 929 4889 sola
948 4821 1067 4910 Moysis
1082 4827 1217 4904 mente,
1235 4820 1295 4888 sed
1311 4829 1508 4897 externum,
