3538 5404
786 457 896 503 nossa.
1466 451 1504 508 83

185 592 291 659 stricti
315 591 547 660 Hebraeorum
569 609 696 680 agmen
713 598 746 660 et
764 592 1008 660 antecederent
1032 598 1066 658 et
1086 600 1322 682 sequerentur,
1343 598 1416 665 noti
1431 622 1505 666 ver-

184 704 342 765 sarentur
356 700 447 766 inter
459 706 577 782 notos,
598 700 738 766 fortasse
754 700 857 766 etiam
873 703 1104 765 mercaturam
1118 701 1395 788 praetenderent.

229 799 403 873 Immerito
421 805 530 893 igitur
549 806 807 896 exprobraverit
826 805 908 895 quis¹
922 805 1044 894 Moysi,
1067 828 1145 872 cum
1167 805 1291 873 ducem
1306 831 1327 876 a
1341 815 1408 878 Deo
1426 834 1505 878 con-

184 931 317 980 cessum
343 912 486 979 haberet
509 913 652 994 nubem,
681 913 842 980 accivisse
868 911 936 979 sibi
964 916 1142 1002 praeterea
1170 915 1347 982 hominem
1372 917 1506 985 itineris

184 1016 319 1085 ducem.
334 1021 454 1085 Fateor
465 1017 627 1108 equidem
643 1040 697 1086 me
716 1018 809 1086 haud
824 1019 938 1085 valere
954 1024 1110 1085 excutere
1124 1020 1372 1108 suspicionem,
1386 1023 1424 1090 in
1439 1024 1505 1092 hoc

184 1125 274 1191 lacto
295 1123 546 1213 quadamtenus
567 1123 729 1193 deiecisse
751 1125 885 1212 egregii
909 1123 975 1190 viri
998 1123 1036 1190 in
1059 1130 1164 1191 Deum
1188 1125 1303 1195 fidem.
1328 1134 1435 1196 Movet
1450 1153 1504 1198 me

184 1231 334 1320 primum
346 1231 448 1314 illud,
470 1254 539 1298 non
554 1231 656 1298 scribi
664 1237 803 1319 Moysen
820 1230 942 1298 adiisse
959 1230 1141 1298 liobabum
1161 1231 1295 1300 iubente
1314 1238 1401 1322 Deo,·
1412 1237 1505 1326 quod

182 1336 358 1406 silentium
379 1337 416 1404 in
438 1338 651 1420 narratione,
673 1361 761 1429 quae
785 1338 888 1404 rebus
908 1336 1086 1429 quibusvis
1107 1337 1212 1405 verba
1227 1341 1390 1428 praefigit
1411 1371 1427 1403 «
1447 1347 1505 1410 Lc-

184 1449 283 1512 cutus
299 1450 349 1512 est
362 1444 524 1512 Dominus
541 1472 576 1524 »‚
600 1467 670 1512 non
686 1449 736 1512 est
750 1467 772 1511 a
787 1443 906 1510 limine
927 1442 1194 1531 negligendum
1210 1449 1412 1535 praesertim
1427 1471 1505 1518 cum

183 1555 307 1638 agatur
327 1550 369 1620 de
388 1573 425 1618 re
438 1571 508 1618 non
521 1550 637 1640 exigui
648 1554 833 1630 momenti,
855 1549 968 1620 sedda
981 1550 1215 1618 misericordia
1236 1553 1362 1620 factaa
1380 1555 1506 1624 Madia·

181 1655 263 1723 uitis
282 1656 350 1723 illis
370 1657 531 1726 omnibus
543 1656 736 1725 liliislsrael
751 1679 814 1746 per
833 1656 970 1744 longius
988 1661 1124 1746 tempus
1139 1663 1170 1747 (1
1186 1661 1271 1746 Reg.
1291 1661 1403 1751 15,6).
1426 1662 1506 1729 Sine

183 1761 289 1831 dubio
310 1764 483 1833 humanae
505 1764 606 1831 etiam
626 1764 831 1854 prudentiae
849 1763 965 1831 media
986 1769 1111 1852 Moyses
1126 1768 1160 1831 et
1177 1764 1335 1852 adhibuit
1358 1773 1391 1834 et
1405 1768 1506 1836 adhi-

183 1869 265 1937 bere
285 1869 422 1951 debuit;
444 1870 557 1960 potuit
575 1870 737 1940 Hebraeis
758 1869 828 1938 suis
841 1870 892 1937 uti
912 1868 1202 1960 exploratoribus3
1230 1871 1289 1938 sed
1308 1873 1406 1940 aliud
1430 1897 1505 1942 om-

182 1977 267 2043 nino
287 1984 337 2044 est
359 1978 529 2065 integram
551 1977 617 2046 sibi
634 1976 822 2044 adsciscere
839 1976 1082 2064 cognationem
1101 2000 1174 2045 non
1191 1978 1390 2047 ‘Hebraeam
1405 1982 1505 2071 eique

180 2083 277 2150 sedes
294 2084 420 2172 pacisci
439 2084 584 2151 interra
602 2083 783 2174 promissa.
810 2088 948 2150 Praeter
968 2083 1142 2150 humanae
1161 2085 1366 2173 prudentiae
1389 2088 1504 2154 media

182 2189 319 2256 volebat
333 2196 435 2274 Deus,
455 2190 499 2258 dc
513 2190 656 2278 agendis
672 2213 744 2258 non
759 2189 869 2256 solum
884 2189 1073 2257 maioribus
1091 2191 1151 2257 sed
1172 2193 1275 2258 etiam
1292 2192 1501 2278 minorihus,

184 2295 253 2385 ipse
271 2297 400 2364 consuli
420 2297 477 2384 (ci.
500 2303 597 2378 r,89;
622 2303 696 2379 9,8;
716 2302 836 2379 2¹1,21;
858 2301 921 2362 los,
944 2301 1024 2378 aie
1044 2297 1135 2379 etc).
1152 2296 1303 2363 Tandem
1319 2320 1373 2365 me
1391 2308 1505 2367 movet

182 2409 400 2493 comparatus
423 2407 518 2472 iocus
542 2409 598 2471 lix.
624 2409 703 2486 t,20
718 2425 791 2492 sqq.
812 2402 897 2492 (clii.
913 2423 947 2490 p.
965 2408 1007 2468 60
1027 2401 1133 2492 sqq).
1156 2405 1207 2469 Uti
1222 2403 1322 2470 initio
1337 2405 1470 2472 itineris
1486 2430 1503 2474 e

183 2508 347 2577 Sinaitide
360 2511 399 2577 in
416 2515 611 2600 Aegyptum
627 2532 668 2576 eo
682 2508 828 2598 deliquit
843 2514 986 2595 Moyses,
1005 2509 1098 2598 quod
1110 2508 1257 2576 iniussus
1272 2532 1293 2576 a
1306 2515 1373 2578 lieo
1389 2534 1504 2580 caram

182 2638 297 2684 secum
316 2616 495 2683 adduxerit
511 2638 667 2700 uxorem,
683 2616 732 2682 ita
748 2614 848 2682 initio
862 2614 995 2682 itineris
1010 2637 1028 2681 e
1050 2614 1215 2684 Sinaitide
1232 2617 1269 2682 in
1284 2625 1410 2686 terram
1425 2641 1504 2708 pro-

183 2723 321 2790 missam
336 2745 376 2789 eo
396 2745 533 2790 rursum
552 2723 716 2813 deliquit,
734 2722 826 2812 quod
843 2721 992 2788 iniussus
1011 2744 1032 2788 a
1049 2726 1117 2788 lieo
1137 2724 1253 2789 uxoris
1272 2730 1437 2811 cognatos
1451 2748 1504 2792 se-

182 2851 259 2897 cum
274 2829 464 2897 adduxerit.
482 2833 581 2897 Recte
593 2831 751 2897 allectum
765 2829 830 2895 viri
846 2828 985 2914 cognati
999 2835 1164 2918 premunt
1176 2832 1280 2919 Lep„
1301 2832 1391 2897 Men.
1402 2885 1410 2914 ,
1423 2831 1504 2899 licet

182 2957 260 3002 eum
283 2943 442 3003 excusent
465 2941 704 3023 suggerentes,
730 2935 842 3002 verbis
868 2957 901 3000 v.
924 2940 1066 3023 29sqq.
1091 2935 1179 3002 illud
1201 2935 1371 3026 imprimis
1392 2938 1503 3006 inten-

183 3041 270 3109 disse
290 3047 440 3130 Moysen,
461 3049 497 3109 ut
512 3042 691 3109 Mobabum
707 3041 752 3109 ed
771 3040 1005 3108 Hebraeorum
1023 3063 1119 3107 sacra
1134 3042 1378 3130 pertraheret:
1399 3071 1414 3105 a
1435 3050 1502 3111 liu-

183 3167 258 3215 cem
270 3149 469 3238 requirebat
482 3149 519 3214 in
538 3148 611 3231 via,
628 3155 666 3214 ut
685 3147 754 3214 dux
771 3147 802 3214 ei
822 3147 920 3214 fieret
939 3146 1104 3224 advitam
1124 3173 1140 3207 a
1162 3147 1292 3237 (lurp).
1310 3151 1502 3217 Putaverim

182 3255 358 3346 equidem,
375 3277 453 3322 eum
466 3255 504 3320 in
519 3253 789 3341 consanguineos
807 3253 918 3320 uxoris
931 3253 1090 3319 affectum
1105 3251 1140 3318 in
1158 3257 1267 3340 Moyse
1282 3254 1384 3322 fuisse
1394 3254 1503 3346 ‚nimis

181 3361 387 3429 naturalem.
414 3360 606 3428 Accedebat
631 3360 738 3442 alius,
765 3380 867 3449 quem
889 3379 1034 3447 sequens
1054 3359 1206 3426 narratio
1225 3360 1423 3444 confirmat,
1451 3363 1502 3428 ai-

181 3469 299 3536 iectus.
314 3468 515 3555 ringebatur
531 3473 655 3554 Moyses
672 3465 865 3533 diffidentia
877 3464 1044 3554 quadam,
1065 3485 1135 3530 non
1149 3470 1188 3532 ut
1200 3465 1243 3532 de
1258 3466 1361 3534 lahve
1376 3473 1499 3557 poten-

182 3575 228 3641 tia
246 3583 279 3642 et
293 3575 460 3642 fidelitate
476 3573 628 3664 iniquius
642 3575 797 3651 sentiret,
819 3570 878 3638 sed
894 3570 986 3660 quod
998 3577 1212 3660 perspectam
1228 3573 1372 3640 haberet
1383 3577 1500 3665 populi

180 3681 460 3762 inconstantiam,
479 3701 723 3769 progressurus
741 3683 826 3746 esset
844 3679 881 3744 in
896 3677 1055 3765 regiones
1074 3677 1141 3745 sibi
1155 3678 1225 3746 iam
1244 3681 1382 3769 penitus
1400 3682 1499 3768 iguo-

183 3795 248 3868 taS,
277 3797 520 3874 congressurus
546 3808 623 3880 cum
650 3785 811 3872 gentibus
831 3783 1024 3850 numerosis
1052 3805 1162 3874 aeque
1185 3795 1287 3876 atque
1311 3787 1497 3872 bellicosis,

182 3916 260 3961 cum
275 3894 401 3984 quibus
422 3916 465 3960 ne
491 3894 553 3983 ipsi
578 3890 732 3981 quidem·
745 3912 882 3980 semper
901 3891 1059 3980 Aegyptii
1083 3913 1194 3981 aequo
1213 3897 1322 3961 marte
1342 3894 1501 3962 dimicas·

180 3997 265 4068 seut.
282 3999 449 4068 iudicavit
461 4001 580 4086 igitur,
595 3998 730 4066 nullum
743 3997 810 4064 sibi
824 4018 962 4064 suarum
975 4019 1091 4064 rerum
1101 3997 1414 4066 confirmandarum
1427 4022 1500 4068 mc-

182 4107 276 4175 dium
288 4129 358 4174 esse
368 4104 629 4193 negligendum.
645 4105 785 4194 Exposui
796 4103 1024 4192 suspicionem
1037 4126 1045 4172 ε
1058 4103 1202 4171 liberavi
1212 4107 1362 4171 animam
1373 4127 1496 4174 meam.

218 4333 312 4384 Placet
326 4334 450 4384 indicare
463 4335 602 4391 rationes,
616 4330 652 4382 ob
669 4344 738 4395 quas
756 4331 818 4389 Mu„
835 4328 929 4380 Dtiim.
945 4330 997 4379 hos
1016 4340 1115 4379 versus
1130 4341 1186 4378 non
1203 4328 1239 4378 ab
1254 4328 1288 4390 A,
1304 4329 1354 4382 sed
1369 4344 1386 4382 a
1401 4332 1462 4384 Bet
1478 4335 1497 4384 t*

181 4425 289 4474 narrari
302 4423 463 4474 defendant.
480 4423 504 4472 A
518 4422 620 4472 nubem
635 4419 701 4470 iacit
713 4420 821 4470 itineris
835 4417 949 4479 ducem,
966 4417 1157 4480 Cilobabum.
1175 4416 1267 4468 Aiam
1278 4431 1307 4469 v.
1327 4419 1357 4470 12
1369 4422 1500 4485 perduxit

184 4513 326 4565 Hebraeos
340 4514 370 4564 in
384 4511 526 4562 desertum
540 4509 667 4570 Pharan,
684 4508 705 4560 c
719 4521 746 4560 v.
764 4508 796 4558 33
812 4507 904 4558 adhuc
917 4513 1046 4558 versatur
1064 4519 1151 4569 prope
1171 4509 1293 4557 montem
1307 4509 1394 4560 Sinai.
1410 4511 1498 4562 Acce-

182 4601 252 4653 dunt
270 4602 465 4666 expressiones
484 4600 608 4663 aliquae,
626 4603 655 4680 ἶ)
674 4578 711 4656 bu
729 4603 757 4653 Ὁ
776 4593 820 4663 (ci.
840 4595 910 4647 Gen.
930 4593 1017 4660 ias),
1039 4602 1084 4656 m,
1101 4601 1182 4650 :tm
1200 4609 1206 4644 ε
1223 4608 1320 4647 verum
1341 4599 1497 4662 enimver0,

182 4704 297 4742 crunam
319 4691 444 4741 misellus
468 4688 516 4738 iile
538 4688 562 4737 A
581 4700 638 4736 nou
656 4683 765 4737 noverit
787 4685 876 4749 hiphil
899 4690 994 4744 nunti,
1009 4684 1057 4746 qui
1077 4685 1231 4735 certissime
1246 4691 1327 4735 norat
1351 4685 1403 4737 Kal
1423 4689 1499 4742 liu?

183 4779 325 4831 Eiusmodi
340 4777 518 4831 difficultates
538 4789 594 4826 non
614 4779 758 4825 moverent
779 4775 867 4825 critici
888 4771 991 4833 nostri,
1005 4772 1044 4832 si,
1062 4775 1211 4836 antequam
1231 4776 1319 4824 textui
1333 4775 1499 4828 dissecando

183 4883 296 4922 manum
320 4867 514 4925 admoverent,
532 4863 651 4917 eundem
674 4864 856 4927 exponerent.
878 4863 1013 4924 Superest
1032 4873 1088 4911 una
1111 4874 1208 4914 eorum
1228 4864 1320 4915 ratio:
1340 4864 1433 4916 textus
1457 4873 1499 4918 cst
