3538 5404
747 446 820 490 uuu.
842 431 892 502 3‚1
916 446 981 498 soo.
1484 432 1522 490 ‘29

200 587 279 647 suut
304 581 541 666 generationes
566 607 582 640 »
608 579 805 646 referuntur
821 579 930 646 solum
948 578 993 646 ad
1009 601 1040 646 v.
1065 585 1136 660 1-ῐι,
1154 585 1187 646 et
1203 589 1271 646 non
1286 579 1329 646 ad
1345 583 1522 670 sequentia

201 687 318 754 divina
341 687 490 778 eloquia.
508 687 541 753 si
559 708 600 753 ea
621 687 749 754 referas
763 686 807 752 ἃᾶ
830 707 863 752 v.
890 693 944 768 27,
960 684 1103 752 debebis
1115 708 1226 775 aequo
1245 686 1319 752 iure
1333 687 1462 754 referre
1478 686 1521 754 ad

200 799 331 860 ceteros
354 792 475 860 levitas
497 810 528 857 v.
559 799 670 875 17-21,
699 813 847 882 quorum
871 799 986 859 tamen
1009 793 1167 883 plerique
1191 791 1312 859 adeas
1338 821 1353 854 a
1381 815 1524 879 genera-

199 901 310 967 tiones
323 927 340 962 »
357 921 429 966 non
444 899 673 988 pertinebant.
690 899 865 966 Rationem
877 897 1041 988 adscripti
1054 897 1202 965 nominis
1216 919 1404 986 suggerem
1418 901 1519 967 bane.

199 1004 428 1096 §equentibus
453 1009 710 1095 componuntur
729 1005 911 1072 levitarum
937 1027 1011 1086 res,
1031 1004 1092 1071 ubi
1109 1005 1227 1092 Moysis
1243 1026 1370 1071 nomen
1387 1005 1522 1072 silentio

199 1135 273 1180 nou
304 1118 377 1180 erat
401 1112 712 1200 praetereundum;
744 1133 813 1178 non
843 1117 980 1201 poterat
1007 1117 1122 1178 tantus
1156 1113 1210 1176 vir
1235 1111 1325 1177 inter
1350 1112 1521 1202 simplices

200 1218 319 1286 levitas
341 1218 512 1285 recenseri
528 1224 588 1285 aut
610 1219 876 1286 Amramitarum
900 1241 932 1284 v.
951 1224 994 1284 27
1013 1217 1152 1284 nomine
1171 1218 1271 1283 tacite
1285 1217 1434 1301 includi3
1452 1241 1520 1286 non

200 1330 334 1415 poterat
356 1323 434 1391 tiliis
455 1329 567 1392 Aaron
582 1322 804 1391 adnumerari
832 1347 839 1391 :
862 1345 945 1410 crgo
965 1323 1037 1390 eius
1051 1345 1178 1390 nomen
1191 1323 1329 1391 lionoris
1341 1346 1444 1391 cansa
1463 1348 1522 1391 no-

200 1431 287 1497 mini
301 1437 416 1498 Aaron
440 1437 489 1497 est
506 1429 729 1520 adscriptum.
752 1429 846 1498 Adde
863 1435 996 1518 Moysen
1015 1435 1048 1496 et
1067 1438 1179 1498 Aaron
1197 1431 1299 1498 luisse
1315 1431 1400 1498 duos
1415 1431 1521 1499 veluti

199 1537 381 1605 sacerdotii
405 1537 565 1605 beronici
588 1541 762 1626 parentes,
788 1537 879 1603 hune
903 1537 1128 1623 generatione
1153 1537 1319 1620 naturali,
1340 1537 1439 1603 illum
1461 1560 1521 1627 po-

198 1649 318 1711 testate
332 1643 568 1711 ordinationis.
590 1683 634 1692 -
657 1666 690 1710 v.
718 1650 737 1709 2
758 1671 774 1704 «
795 1645 839 1709 Et
854 1643 936 1710 baec
952 1643 1094 1710 nentina
1110 1643 1266 1731 filioram
1284 1646 1401 1710 Aaron
1422 1666 1433 1710 .·
1444 1646 1521 1734 pri-

198 1751 395 1840 mogenitas
418 1750 491 1816 eins
513 1749 654 1830 Nadab,
678 1748 803 1816 deinde
829 1750 920 1816 Abia
942 1763 975 1816 et
1000 1748 1148 1816 Eleazar
1178 1761 1209 1816 et
1236 1751 1450 1828 ithamar»,
1479 1751 1522 1816 de

200 1856 328 1946 quibus
352 1857 550 1924 nominibus
574 1855 724 1923 diximus
743 1856 788 1923 ad
808 1862 864 1924 Ex.
888 1862 979 1940 623.
1003 1878 1035 1923 v.
1062 1863 1081 1922 3
1112 1883 1128 1917 a
1153 1859 1245 1923 Haec
1268 1857 1411 1924 nomina
1431 1857 1523 1944 silio·

200 1985 277 2030 ram
294 1969 411 2031 Aaron
434 1962 669 2048 sacerdotnm,
695 1963 757 2054 qai
776 1962 964 2030 sanctisunt
988 1990 1004 2024 »
1027 1963 1084 2054 (cl.
1103 1961 1145 2030 ad
1163 1967 1220 2030 Ex.
1238 1963 1332 2053 Μ)
1357 1993 1371 2024 «
1391 1976 1424 2030 et
1438 1987 1523 2054 qao-

198 2091 277 2137 rum
293 2070 440 2160 repletae
455 2069 500 2160 [et
515 2069 742 2158 consecratae]
761 2092 885 2136 manas
905 2097 921 2131 >›
942 2069 997 2158 (cl.
1015 2069 1070 2136 ad.
1090 2074 1145 2137 Ex.
1166 2069 1302 2160 eutr),
1326 2100 1341 2132 a
1361 2083 1398 2136 ut
1412 2093 1522 2137 sacer-

200 2176 293 2243 dotio
321 2177 608 2266 fungerentur».
636 2199 668 2242 v.
691 2182 709 2242 tt
735 2204 751 2237 a
774 2176 903 2242 Mortui
919 2188 999 2244 sant
1014 2176 1106 2242 enim
1127 2204 1143 2238 n
1169 2177 1388 2266 -copulam
1410 2177 1522 2266 potius

198 2289 293 2352 verte
315 2295 431 2350 autem
456 2323 500 2334 —
523 2311 537 2343 κ
562 2281 685 2350 Nadab
711 2294 743 2349 et
771 2282 877 2368 Abia,
903 2305 980 2350 cam
1000 2283 1162 2372 offerrent
1181 2283 1297 2370 iqnern
1315 2283 1467 2349 alienant
1485 2286 1520 2350 in

200 2401 381 2479 conspecta
401 2389 542 2456 Domini
564 2388 601 2455 in
616 2388 746 2455 deserto
767 2388 885 2473 Sinai,
904 2388 1030 2478 absque
1043 2387 1158 2456 liberis
1180 2415 1196 2449 u
1220 2392 1310 2476 (Lev.
1331 2396 1387 2470 103
1408 2397 1423 2456 1
1441 2394 1522 2470 Par„

199 2496 310 2586 at‚a);
336 2526 350 2556 o
372 2495 555 2586 saenctiqae
578 2508 660 2562 sant
681 2494 870 2562 sacerdotio
891 2495 1038 2562 Eleazar
1053 2507 1084 2561 et
1105 2494 1259 2562 Itbarnar·
1274 2516 1388 2562 eoram
1403 2498 1518 2562 Aaron

195 2614 295 2694 patre
312 2625 373 2670 sao
397 2631 427 2668 a.
452 2608 549 2670 Verte
565 2613 704 2692 praeter
727 2603 861 2688 Aaron,
884 2602 934 2669 uti
960 2607 1016 2669 Ex.
1044 2608 1140 2684 20,3;
1161 2606 1297 2692 praeter
1322 2609 1434 2670 Aaron
1449 2624 1516 2668 nou

198 2714 299 2776 erant
312 2709 379 2776 nisi
394 2709 463 2776 duo
482 2708 534 2774 illi
549 2710 754 2776 sacerdotes.

382 2948 514 3008 Eloquium
530 2951 552 2995 1.
569 2967 575 2995 :
596 2947 697 2996 Levitae
718 2949 826 2996 ministri
840 2949 975 2996 sanctuarii
989 2949 1151 3010 designantur
1164 2949 1239 2997 xum.
1254 2951 1341 3010 asto.

242 3150 275 3194 v.
291 3134 310 3194 5
327 3154 342 3188 a
352 3129 564 3216 Loeatnsqae
578 3138 630 3193 est
641 3127 806 3195 bantinus
817 3125 865 3194 ad
874 3129 1014 3214 Moysen
1028 3127 1144 3195 dicens
1158 3155 1173 3188 »
1192 3133 1277 3194 :ab
1294 3155 1309 3188 a
1326 3126 1474 3218 Appliea
1487 3157 1516 3208 a,

197 3233 221 3301 i.
239 3255 268 3300 e.
287 3231 418 3316 adduc,
444 3259 459 3294 «
491 3234 618 3300 tribum
640 3233 737 3319 Levi,
760 3246 793 3301 et
811 3233 872 3322 fae
892 3247 983 3300 stare
1010 3234 1047 3300 in
1070 3246 1249 3323 conquesta
1274 3237 1391 3299 Aaron
1410 3257 1520 3300 saeer-

198 3338 302 3421 olott's,
323 3352 360 3405 at
377 3339 572 3406 ministrent
593 3341 626 3406 ei
647 3370 681 3418 »‚
701 3379 742 3392 -
768 3345 855 3408 Deus
872 3341 1026 3429 proxime
1047 3339 1179 3406 Aaroni
1200 3339 1373 3407 adiutores
1396 3361 1519 3430 procu-

198 3457 266 3524 rat,
284 3447 431 3513 mediate
456 3447 535 3513 filiis
554 3454 587 3513 et
608 3448 770 3536 posteris;
793 3448 943 3514 honorat
962 3453 996 3513 et
1017 3446 1145 3512 solatur
1160 3445 1289 3528 virum,
1308 3445 1368 3536 qui
1385 3446 1519 3513 duobus

197 3552 277 3618 filiis
298 3574 368 3619 uno
396 3552 451 3620 die
474 3553 705 3643 interemptis,
731 3552 800 3619 fide
825 3552 944 3620 firmus
967 3560 1245 3643 perseveraverat
1266 3592 1311 3603 —
1332 3581 1348 3614 a
1370 3566 1402 3620 et
1417 3577 1518 3620 encre·
1560 3573 1564 3588 ⁸

199 3660 276 3725 benc
298 3687 334 3742 a,
360 3682 392 3726 v.
418 3665 438 3724 7
462 3687 477 3720 a
504 3672 537 3724 et
561 3657 734 3726 observent
754 3657 928 3748 qeeielqaid
947 3657 995 3725 ad
1013 3658 1142 3726 cultam
1153 3661 1307 3748 pertinet
1326 3659 1518 3728 merltitueli-

199 3765 252 3831 nis
265 3787 380 3832 coram
409 3766 628 3832 tabernac-alo
648 3765 834 3832 testimonii
854 3793 889 3847 a,
920 3787 952 3831 v.
979 3771 1035 3832 8«
1056 3778 1089 3832 et
1105 3765 1299 3833 custodiant
1313 3789 1394 3833 casa
1410 3770 1518 3833 taber-

197 3871 328 3952 naculi,
350 3871 531 3938 servientes
550 3873 586 3938 in
608 3871 799 3939 ministerio
819 3873 890 3938 eins
917 3900 946 3938 ».
978 3873 1172 3940 Leviterum
1198 3873 1347 3940 officium
1366 3874 1517 3964 primum

197 3979 393 4064 generalius
409 3979 611 4067 exprimitur
629 3991 661 4044 et
680 3978 873 4045 ricinistrent
889 3979 940 4064 ei;
964 3993 1034 4042 niu
1054 3979 1179 4046 dicitur
1194 3979 1237 4046 de
1252 3979 1391 4045 servitio
1406 3981 1518 4047 hono-

197 4084 307 4166 rifico,
325 4084 495 4174 imprimis
516 4107 623 4152 sacro.
642 4087 724 4152 ltein
744 4085 933 4175 explicatur
948 4085 1101 4153 officium
1119 4110 1126 4155 ε
1145 4086 1240 4154 cuius
1261 4085 1355 4152 locus
1377 4093 1427 4152 est
1446 4109 1478 4154 v.
1496 4095 1516 4154 7

197 4213 311 4257 eoram
327 4191 546 4258 tabernaculo
564 4190 731 4280 foederis,
755 4194 852 4259 cuius
867 4214 953 4282 opus
972 4198 1022 4259 est
1042 4216 1075 4257 v.
1101 4201 1120 4259 7
1136 4173 1187 4282 sq.
1205 4191 1516 4262 semelenentium
1599 4251 1608 4264 .

196 4297 403 4377 habitaculi,
422 4298 528 4365 cultui
556 4298 771 4366 tabernaculi
798 4322 861 4390 per
885 4299 1000 4366 omnia
1024 4301 1151 4366 servire
1179 4320 1253 4380 seu,
1281 4300 1515 4367 enumerando

195 4409 326 4494 partes,
351 4408 525 4472 obseruare
553 4405 802 4472 observantiam
829 4406 902 4472 eins
930 4405 1096 4495 (baronis)
1129 4417 1161 4470 et
1190 4407 1438 4473 observantiam
1467 4421 1515 4474 to·
1551 4397 1552 4400 ¹

197 4509 263 4576 tius
291 4511 451 4578 eeclesiae
477 4511 522 4598 (V.
551 4512 602 4598 t),
626 4518 659 4579 et
678 4535 814 4579 rursum
838 4515 1012 4578 obseruare
1038 4511 1156 4577 omitia
1187 4535 1269 4578 oasa
1300 4512 1514 4581 tabernaculi

196 4617 381 4684 testimonii
409 4629 441 4682 et
470 4615 720 4685 observantiam
746 4619 901 4707 filioram
927 4617 1035 4685 lsrael
1061 4619 1105 4708 (v.
1140 4618 1188 4707 8).
1215 4621 1332 4704 Ergo:
1363 4621 1512 4687 servient

195 4724 320 4791 Aaroni
338 4723 374 4790 in
394 4722 554 4812 operibus
571 4723 701 4806 cultus,
719 4726 868 4815 itemque
886 4726 927 4792 iis
947 4724 1125 4807 omnibus,
1143 4724 1203 4814 qui
1222 4724 1400 4810 religionis
1412 4749 1512 4795 causa

195 4828 237 4896 ad
260 4829 497 4899 habitaculum
516 4835 669 4898 sanetum
692 4831 871 4910 accedent;
889 4831 1040 4898 servient
1061 4831 1143 4898 item
1161 4831 1250 4899 vasis
1271 4832 1406 4916 altaris,
1425 4857 1512 4924 qua-
