3522 5396
683 446 756 492 uuir.
780 432 851 500 ⁶233
874 449 939 500 seo.
1416 435 1472 493 311

152 582 221 634 Baal
245 583 319 633 idem
343 586 427 648 atque
452 581 588 644 ChamoS,
605 583 792 634 Moabitarum
816 587 844 636 et
869 585 1094 636 Ammonitarum
1120 585 1204 635 Deus.
1230 584 1272 636 Cf.
1298 588 1328 634 P.
1354 585 1473 636 sobole:

151 671 348 724 Giitzendienst
360 685 388 722 u.
404 672 607 722 zauberweseu
619 672 665 723 bei
678 673 733 723 den
749 674 824 724 alten
844 673 1002 734 iiebraern,
1019 673 1207 737 Regensburg
1225 674 1303 736 1877,
1315 674 1398 738 piil
1410 689 1472 739 sqq.

195 881 213 918 a
238 857 282 921 Ei
295 856 404 922 z'rottts
419 855 586 922 Dominus
602 883 618 916 u
632 895 676 905 -
687 854 791 922 Hebr.
810 877 822 922 :
838 868 870 922 et
882 856 1011 922 aaarsit
1026 856 1079 924 tre
1093 855 1233 923 Domini
1249 856 1286 922 in
1301 856 1471 924 lsraelem.

149 963 265 1028 Merito
284 961 350 1029 hae
369 963 537 1029 sententia
556 967 670 1030 censet
691 962 765 1031 Gai.
783 962 959 1049 designari
976 963 1116 1052 plagam
1133 985 1166 1029 v.
1184 969 1204 1030 8
1223 985 1288 1054 sq.‚
1311 963 1471 1052 probabi·

148 1068 217 1135 lius
234 1068 444 1158 epidemiam
463 1068 614 1158 aliquam
630 1070 687 1159 (oi.
706 1075 823 1152 i1‚3a;
847 1073 957 1156 inat)
973 1107 1017 1118 -
1031 1092 1063 1136 v.
1082 1075 1100 1134 t
1119 1097 1135 1130 «
1152 1069 1204 1136 nit
1220 1068 1268 1136 ad
1281 1072 1423 1158 Moysen
1442 1096 1473 1150 a,

150 1174 196 1241 ab
215 1174 277 1242 illo
295 1197 376 1242 sane
400 1180 539 1262 rogatus
566 1199 573 1243 :
603 1203 619 1238 a
642 1175 734 1242 Tolle
755 1187 893 1242 cunctos
908 1176 1085 1266 principes
1102 1176 1228 1266 popelli
1252 1187 1285 1240 et
1307 1175 1475 1266 stupende

152 1304 208 1347 eoa
227 1309 242 1341 u
261 1281 362 1348 [ahoe
381 1311 396 1343 a
414 1294 532 1348 conire
548 1280 653 1348 solent
672 1283 720 1368 [in
737 1281 936 1372 patibulisl,
955 1294 992 1348 nt
1013 1293 1188 1350 avertatur
1198 1283 1301 1370 furor
1320 1305 1414 1348 matrs
1433 1285 1475 1348 ab

151 1387 259 1455 Israel
273 1415 304 1455 n.
326 1390 421 1456 Verte
434 1409 447 1454 :
469 1387 560 1455 Tolle
576 1401 715 1454 etinctos
730 1411 804 1455 reos
813 1388 938 1478 populi
952 1401 1016 1456 eto.

188 1595 293 1646 Textus
308 1598 404 1660 utique
417 1600 460 1647 est
474 1601 634 1661 corruptus,
652 1609 736 1660 quem
754 1599 827 1648 Satn.
842 1600 960 1647 conatus
978 1602 1021 1648 est
1042 1598 1191 1648 restituere
1205 1595 1383 1647 conformans
1397 1597 1477 1648 iilum

152 1685 247 1735 versui
262 1687 288 1735 5.
306 1685 475 1749 Corruptum
493 1697 607 1735 sensere
623 1687 706 1749 dorp.
721 1685 860 1736 addentes
875 1699 973 1736 uocem
990 1685 1083 1735 indito
1097 1692 1121 1735 et
1139 1686 1240 1746 occide,
1257 1698 1370 1736 sensere
1390 1687 1477 1736 iuter-

152 1775 246 1836 pretes
265 1773 330 1825 inde
349 1775 383 1825 ab
405 1775 460 1836 Or„
480 1775 646 1836 Theodorei„
664 1777 731 1838 nup.
748 1774 884 1825 labentur
907 1775 992 1840 plecti
1013 1788 1101 1824 ornnes
1124 1774 1263 1840 principer
1283 1787 1335 1838 pro
1358 1774 1476 1834 delicto,

153 1862 228 1926 quod
242 1862 333 1914 iuerat
346 1865 453 1928 popuii.
471 1864 543 1914 Dein
558 1863 632 1913 istud
652 1863 778 1913 divinum
797 1864 959 1913 mandatnm
978 1876 1035 1913 non
1056 1864 1205 1914 mandatur
1224 1863 1412 1919 exsecutioni,
1429 1863 1478 1913 sed

152 1952 293 2016 principes
310 1949 366 2018 (qui
380 1966 410 2002 v.
426 1952 440 2001 i
457 1953 548 2015 capita
568 1956 596 2002 et
612 1965 638 2004 v.
655 1953 670 2001 5
690 1952 796 2002 iudices
817 1951 944 2016 audiunt)
961 1953 1091 2004 iubentur
1110 1965 1127 2001 a
1141 1951 1237 2015 Moyse
1255 1953 1384 2003 occidere
1398 1953 1475 2012 illos,

152 2042 201 2105 qui
215 2053 281 2091 vere
296 2045 377 2090 eraut
391 2043 442 2091 rei.
460 2041 514 2091 Pro
528 2047 591 2100 :tun
604 2047 683 2098 imm
696 2043 804 2105 corrige
818 2046 882 2099 mn
899 2046 989 2102 turbt,
1008 2054 1065 2090 reos
1075 2039 1190 2105 'populi,
1203 2045 1232 2090 et
1245 2040 1364 2091 babetur
1378 2053 1478 2092 sensus

151 2129 347 2194 planissimae,
362 2131 476 2194 penitus
488 2143 646 2180 consonans
666 2132 761 2181 versui
776 2131 801 2180 5.
818 2157 853 2166 -
867 2136 920 2214 'api
937 2129 1006 2181 Gen.
1025 2129 1104 2190 3235
1129 2127 1181 2196 (26)
1198 2127 1306 2190 latore,
1323 2129 1478 2180 membrum

153 2231 235 2269 esua
248 2218 316 2269 sede
330 2219 506 2283 detorquere.
525 2219 540 2270 2
556 2219 626 2283 Reg.
645 2219 718 2281 rip.
736 2220 761 2270 9.
781 2219 811 2268 13
827 2220 905 2270 verbi
920 2219 1010 2283 hiphil
1025 2225 1053 2269 et
1068 2219 1174 2282 hophal
1191 2219 1259 2268 iiam
1271 2217 1430 2268 scribuntur
1444 2219 1478 2268 de

154 2308 292 2371 supplicio
306 2321 323 2358 a
335 2307 500 2359 Gabaonitis
512 2321 601 2358 coron
616 2309 698 2358 Inbue
718 2307 824 2358 inssioto
843 2313 951 2371 septem
969 2308 1091 2372 posteris
1112 2307 1189 2357 Saul.
1206 2306 1261 2356 Ubi
1278 2305 1353 2369 Volo.
1371 2307 1477 2371 crucili-

153 2409 225 2460 9ere,
238 2395 357 2448 tortasse
367 2399 460 2447 verius
471 2396 614 2462 imputare.
628 2397 663 2449 H.
676 2398 695 2447 l.
708 2399 771 2448 in
780 2393 1011 2466 παραδειγμάτισον
1022 2396 1049 2464 (ἳ
1062 2397 1132 2460 Reg.
1144 2395 1174 2446 ti
1191 2391 1378 2462 lintrdaupsst,
1390 2401 1476 2444 statue

156 2487 188 2536 in
202 2485 364 2550 exemplum
381 2488 430 2550 iq.
442 2481 578 2549 ἀνάπηξον,
590 2486 670 2551 affige
677 2500 687 2546 ,·
700 2488 799 2549 symm.
810 2483 940 2554 κρέμασον,
953 2485 1093 2551 suspende,
1108 2487 1148 2536 uti
1160 2484 1237 2549 Vulp.
1249 2485 1276 2534 h.
1290 2484 1321 2545 1.,
1334 2489 1362 2534 et
1376 2484 1391 2534 ‘2
1405 2483 1476 2548 Reg.

156 2574 187 2624 ti
204 2575 301 2626 Chald.
318 2575 375 2626 Cur
389 2589 478 2626 coram
497 2575 599 2626 Inbue?
615 2588 652 2624 an
669 2576 723 2625 hoo
737 2576 905 2640 supplicium
924 2574 1122 2626 reservabatur
1136 2575 1186 2634 iis,
1199 2575 1248 2638 qui
1266 2575 1357 2636 magis
1374 2572 1478 2624 directe

154 2663 183 2712 in
199 2664 284 2715 Iabve
299 2667 476 2727 peccassent,
490 2677 580 2728 genus
594 2665 723 2728 supplicii
739 2665 834 2715 stricte
853 2665 980 2715 sacrum?
994 2664 1036 2716 Gi.
1053 2663 1068 2713 2
1089 2663 1159 2728 Reg.
1176 2662 1206 2713 Ἡ
1228 2665 1290 2726 Syr.
1309 2661 1477 2727 sacrificabi-

156 2767 222 2802 mus.
239 2747 358 2804 Additur
379 2753 491 2804 tandem
512 2753 684 2814 coronante,
703 2770 714 2801 s
732 2755 792 2805 i.'e.
809 2753 902 2816 palam
924 2754 953 2802 in
976 2759 1128 2816 conspeetu
1146 2753 1216 2803 lueis
1236 2752 1319 2802 buius
1343 2767 1354 2799 r
1376 2749 1475 2817 (lup).

154 2843 247 2891 nestra
260 2840 364 2905 {aroris
378 2841 459 2893 iotae
475 2847 517 2892 est
531 2843 592 2906 ipsa
607 2842 656 2892 iiia
670 2843 769 2906 plaga,
781 2855 853 2906 quae
868 2844 922 2893 boo
936 2842 1048 2906 piaculo
1063 2843 1233 2905 promittitur
1246 2854 1308 2892 esse
1323 2851 1475 2892 cessatura.

199 3031 270 3090 v.5
300 3053 315 3086 u
341 3024 505 3115 Diritque
533 3029 665 3113 Moyses
688 3024 735 3091 nd
759 3025 890 3092 iudices
908 3026 1017 3092 lsrael
1041 3048 1052 3092 :
1081 3025 1221 3093 Occidet
1242 3024 1477 3113 unusquisqne

146 3132 325 3222 proximos
347 3153 439 3215 snos,
466 3131 528 3221 qni
552 3131 687 3198 initiati
709 3145 790 3197 atini
816 3131 1025 3222 Beelplteqor
1048 3159 1078 3199 ».
1103 3133 1205 3198 Hebe.
1229 3154 1242 3197 :
1267 3130 1357 3196 viros
1379 3152 1473 3217 snos,

153 3343 263 3411 scelus
278 3367 341 3434 per
359 3350 459 3412 testes
479 3349 539 3411 aut
558 3345 767 3411 confessione
788 3345 837 3410 rei
859 3345 1074 3434 probaretur.
1092 3368 1125 3412 v.
1149 3351 1168 3410 o
1194 3371 1208 3404 «
1230 3345 1274 3410 Et
1295 3365 1476 3409 occeanus·

153 3449 204 3517 de.
213 3450 299 3540 filiis
318 3451 425 3518 israel
443 3451 588 3517 intrauit
609 3473 724 3518 corant
743 3450 912 3540 fratribus
930 3451 1001 3518 sicis
1020 3449 1067 3517 od
1083 3451 1254 3540 [scortum]
1272 3448 1476 3516 Mnrlt'oniti·

152 3555 230 3623 (lem
254 3585 283 3624 a.
311 3557 377 3625 Sed
397 3558 497 3646 longe
520 3557 620 3625 aliter
641 3556 743 3624 Hebr.
768 3579 780 3623 .·
802 3558 895 3624 tuitii
918 3557 961 3624 de
983 3558 1058 3624 loeo
1079 3564 1174 3625 extra
1194 3560 1304 3624 castra
1326 3555 1474 3645 (natm.)

156 3691 172 3724 ι(
188 3685 253 3753 per
271 3664 422 3730 mediam
438 3665 602 3754 plateam,
619 3687 708 3755 quae
727 3670 800 3732 erat
818 3669 896 3731 ante
911 3664 1173 3732 tabernaculum
1191 3692 1207 3725 »
1223 3663 1344 3754 (Coi),
1362 3677 1394 3730 et
1413 3687 1476 3754 np-

147 3771 389 3862 propt'nqnore
404 3771 488 3860 fecii
506 3771 555 3838 ad
564 3775 694 3861 [ratres
715 3794 792 3838 satos
813 3770 1081 3838 diadinniticlen.
1103 3777 1177 3838 Non
1197 3771 1475 3862 appropinquare

150 3876 234 3965 fecit
253 3879 403 3966 fratrem
424 3899 525 3944 saum
550 3876 599 3944 ad
620 3877 878 3945 iliadinnitiden
901 3879 1032 3968 (LXX),
1052 3899 1229 3947 cumeum
1251 3899 1388 3945 sensum
1408 3898 1477 3943 uon

153 3984 241 4050 ferat
264 3983 486 4067 constructio,
510 3989 544 4050 et
566 3982 609 4050 de
638 4007 677 4051 eo
705 3987 811 4052 fratre
840 3991 913 4052 tota.
943 4008 1046 4075 porro
1071 3985 1171 4052 sileat
1195 3985 1361 4051 narratio.
1386 3981 1476 4049 Fecit

152 4096 269 4158 autem
283 4091 564 4180 appropinquare
576 4090 834 4174 Madianitiden‚
854 4115 924 4159 uon
938 4096 976 4159 ut
991 4113 1066 4158 eam
1085 4111 1179 4158 suam
1195 4091 1323 4178 laceret
1336 4109 1474 4155 uxorem

155 4196 264 4286 (loa),
285 4195 322 4262 id
339 4197 431 4264 euim
449 4196 581 4264 licitum
604 4203 678 4264 erat
701 4198 803 4286 (Ruth
826 4198 907 4286 1,-ἰ),
925 4203 958 4264 et
976 4203 1048 4264 tota
1065 4197 1149 4264 haee
1167 4196 1321 4262 narratio
1341 4216 1411 4260 non
1425 4199 1474 4260 est

152 4302 196 4369 de
211 4303 429 4370 matrimonio
443 4302 557 4371 sedda
572 4303 815 4387 fornicatione3
833 4327 902 4372 nun
914 4304 1025 4372 solum
1038 4309 1086 4390 ut,
1103 4304 1163 4392 qui
1177 4309 1278 4370 antea
1294 4307 1474 4368 vocantem

151 4415 287 4476 secutus
300 4410 411 4477 fuerat
425 4417 519 4477 extra
538 4417 663 4490 eastra,
685 4409 754 4476 iam
773 4411 810 4476 in
825 4411 906 4501 ipsis
921 4410 1024 4478 etiam
1045 4409 1163 4477 castris
1176 4430 1255 4476 oum
1271 4431 1311 4476 ea
1328 4409 1473 4476 fornica-

152 4521 265 4598 retur;
283 4515 341 4583 sod
357 4538 426 4605 quo
441 4516 604 4584 iratribus
618 4517 797 4584 mulierem
811 4519 1029 4607 prostitueret
1040 4517 1128 4606 (On,
1145 4515 1218 4582 Mol
1242 4516 1279 4606 .)‚
1297 4515 1474 4582 sordidum

152 4624 294 4690 fortasse
315 4621 395 4688 iude
417 4623 550 4690 luorum
573 4623 738 4691 fautinus.
768 4628 833 4690 Hoe
860 4624 941 4691 feeit
962 4624 1137 4714 princeps,
1159 4621 1220 4712 qui
1243 4623 1336 4690 idem
1355 4621 1473 4711 utique

152 4734 224 4797 erat
238 4728 356 4811 iudex,
374 4751 443 4818 quo
459 4734 614 4820 tempore
635 4735 761 4818 Moyses
776 4729 948 4798 iudicibus
962 4731 1175 4813 iniunxerat,
1198 4733 1236 4798 ut
1254 4729 1291 4796 iu
1306 4726 1473 4795 eiusmodi

153 4835 283 4902 seelera
297 4857 412 4903 severe
429 4835 756 4904 animadverterent.
773 4841 851 4903 Erat
870 4837 935 4904 hoc
956 4836 1020 4904 viri
1039 4840 1215 4926 peecatum
1234 4836 1306 4903 sola
1325 4835 1471 4902 fornica·
