3538 5404
260 383 298 442 ii
678 396 758 440 Acri
779 396 932 442 smirnos
955 394 1151 441 rosrnmom.

260 537 312 598 ta.
335 539 389 600 51.
412 537 450 599 ln
471 536 621 597 extremo
640 535 758 596 autem
778 530 922 596 articulo
941 534 1080 611 tat-ts
1099 528 1306 596 adscribitur
1321 529 1408 595 iliud
1421 528 1573 618 primum

260 651 309 705 ier
324 639 464 706 summis
474 636 669 705 minoribus
681 637 790 704 tribus
806 659 839 704 r.
857 645 911 704 37.
929 641 983 704 ti.
1002 643 1056 718 t5‚
1074 635 1154 702 dein
1169 637 1275 704 semel
1286 656 1438 702 summae
1452 635 1575 703 maiori

257 768 290 811 v.
310 751 364 813 tt.

537 887 558 934 I.
578 883 815 934 NUMERANTUR
833 885 1011 934 bunnuaria
1028 883 1151 934 TRIBUS
1170 885 1253 934 NUM.
1275 887 1296 933 1.

300 1067 383 1153 Arq.
400 1101 445 1113 —
468 1064 629 1149 designat
640 1068 726 1130 Deus
741 1086 759 1130 e
778 1063 922 1148 singulis
933 1061 1094 1128 tribubus
1107 1063 1200 1129 viros
1214 1062 1386 1152 principes
1400 1062 1573 1148 singulos,

256 1173 316 1259 qui
342 1172 377 1236 in
396 1191 456 1236 sua
474 1169 617 1258 quisque
635 1169 728 1236 tribu
748 1170 902 1236 virorum
925 1167 1149 1251 bellatorum,
1172 1191 1193 1236 a
1211 1175 1267 1235 10ο
1292 1190 1383 1235 anno
1403 1175 1437 1234 et
1457 1191 1573 1258 snpra,

255 1299 394 1344 censum
408 1276 600 1343 instituant.
623 1275 697 1358 Ubi,
720 1275 874 1364 quando,
891 1299 912 1342 a
929 1275 1071 1364 quibus,
1088 1297 1157 1364 quo
1177 1275 1257 1356 ritu,
1281 1297 1350 1364 qua
1372 1277 1575 1342 auctoritate
1598 1348 1601 1353 ,

257 1383 313 1449 hio
334 1404 454 1449 census
468 1379 605 1450 habitus
624 1382 682 1462 sit,
700 1389 858 1449 accurate
879 1381 1102 1463 describitur3
1126 1404 1280 1449 summae
1298 1403 1418 1448 census
1437 1381 1577 1449 tradun-

256 1495 322 1556 tur.
346 1492 413 1555 Cur
430 1489 565 1555 Levitae
580 1488 624 1554 ab
644 1511 683 1554 eo
701 1510 804 1555 censu
825 1489 1029 1572 eximantur,
1052 1487 1258 1578 explicatum
1276 1511 1395 1555 eorum
1411 1488 1524 1555 officia
1544 1494 1577 1556 et

257 1595 294 1662 in
306 1594 424 1662 castris
436 1596 531 1662 locus
555 1594 706 1661 breuiter
728 1594 937 1663 indicantur.

450 1823 480 1882 1.
498 1816 737 1905 Desiqnaniur
750 1829 984 1884 numeratores
998 1817 1122 1907 populi
1136 1819 1238 1884 Num.
1259 1825 1385 1900 1,1-15.

306 2021 389 2108 Gap.
406 2025 417 2085 l
432 2041 464 2085 v.
481 2025 498 2085 1
519 2047 535 2080 α
553 2023 766 2108 Lucretiusque
779 2032 828 2087 est
842 2021 1009 2086 Dominus
1019 2019 1068 2087 ud
1078 2022 1222 2110 Moysen
1238 2021 1275 2087 in
1288 2019 1418 2088 deserto
1429 2020 1530 2090 Sinni
1546 2047 1576 2105 s,

258 2148 327 2214 quo
342 2132 568 2214 pervenerant
593 2125 736 2193 Hebraei
760 2130 819 2194 Ex.
847 2133 923 2210 19,1
951 2149 1003 2222 sq.
1032 2132 1067 2194 et
1089 2135 1198 2196 castra
1221 2126 1376 2210 fixerant,
1397 2130 1435 2194 in
1454 2125 1579 2222 quibus

258 2233 361 2299 etiam
378 2254 506 2299 novum
524 2235 754 2300 sanctuarium
767 2239 964 2316 erexerant,
988 2263 1002 2296 a
1023 2233 1061 2300 in
1079 2233 1301 2301 retentaculo
1317 2233 1471 2324 foederis
1487 2262 1517 2319 s,
1535 2273 1579 2285 .-

256 2339 349 2407 unde
371 2339 455 2406 alias
469 2340 552 2405 item
566 2344 645 2407 Lev.
671 2345 725 2418 1,1
746 2340 841 2426 leges
863 2345 940 2430 post
959 2346 1197 2408 consecratum
1211 2341 1441 2408 sanctuarium
1465 2340 1579 2430 prolo-

258 2451 355 2512 cutus
377 2451 450 2512 erat
472 2446 591 2527 iahve‚
614 2445 803 2512 seeundum
825 2445 863 2513 id
882 2447 972 2536 quod
994 2447 1200 2536 promiserat
1221 2453 1277 2514 Ex.
1304 2454 1404 2530 nati
1419 2471 1471 2537 sq.
1498 2471 1505 2516 :
1528 2448 1580 2514 ibi

257 2573 311 2618 me
342 2552 475 2632 sistam,
500 2559 538 2618 ut
564 2552 687 2640 loquar
715 2551 758 2618 ad
783 2557 834 2632 te,
861 2553 978 2643 ibique
1007 2553 1217 2644 praecipiam
1247 2553 1327 2621 filiis
1349 2553 1464 2621 israel.
1489 2559 1578 2641 Ergo

260 2656 415 2724 indidem
444 2657 574 2745 prodiit
596 2664 750 2725 nostrum
772 2659 839 2725 hoc
863 2659 1021 2725 divinum
1045 2661 1265 2742 mandatum,
1290 2660 1381 2728 unde
1403 2659 1579 2749 prodierat

256 2764 368 2829 Thura
382 2762 637 2830 Sacrificiorum
652 2767 741 2850 (Lev.
761 2771 834 2848 i,i3
853 2765 960 2853 7,38),
986 2765 1080 2852 leges
1100 2771 1176 2832 Lev,
1203 2773 1306 2833 11-26
1331 2767 1388 2855 (ci.
1407 2773 1504 2849 25,1;
1522 2772 1577 2849 26,

257 2870 330 2956 15),
354 2871 407 2935 lex
427 2869 469 2935 de
496 2869 583 2935 votis
603 2869 695 2958 (Lev,
718 2873 831 2956 auat)
854 2911 898 2922 —
923 2901 938 2933 «
958 2871 1076 2962 prium
1093 2871 1150 2939 die
1165 2873 1291 2939 mensis
1312 2872 1469 2956 sectandi,
1487 2896 1578 2940 niano

256 2974 363 3042 ulcero
379 2975 582 3064 epressionis
602 2998 719 3042 eorum
732 3000 774 3043 ex
787 2979 944 3067 Aepypto
962 3006 977 3039 »
992 3015 1036 3028 —
1051 3001 1134 3065 ergo
1149 2980 1286 3046 evoluto
1302 3001 1371 3047 uno
1386 3001 1502 3046 mense
1518 2984 1576 3047 iix.

258 3088 360 3164 t0,15
381 3083 448 3170 (17)
469 3104 489 3148 a
511 3089 707 3150 consecrato
729 3105 817 3151 novo
839 3087 1044 3151 sanctuario.
1069 3091 1114 3152 Eo
1137 3108 1253 3153 mense
1275 3093 1350 3154 acta
1370 3091 1403 3153 et
1423 3085 1579 3175 promul-

258 3193 339 3273 gata
356 3189 451 3255 fuere
470 3210 557 3277 quae
579 3193 656 3256 Lev.
682 3188 787 3256 habet
803 3228 848 3242 —
874 3219 891 3254 «
911 3190 1029 3258 dicens
1049 3219 1066 3254 o
1092 3212 1100 3260 :
1126 3215 1158 3259 v.
1178 3198 1212 3259 2.
1240 3219 1255 3253 u
1277 3190 1394 3258 Tollite
1409 3213 1579 3260 summum

259 3293 438 3361 uniuersae
464 3295 742 3384 conprequte’one’s
757 3295 914 3384 filiorum
941 3298 1047 3364 israel
1069 3320 1133 3388 per
1160 3301 1379 3387 copnnn'ones
1403 3313 1435 3366 ei
1462 3299 1580 3366 clomos

257 3422 350 3485 suns,
366 3413 399 3466 ei
413 3401 554 3467 nomino
568 3401 793 3492 sinqulorunn
809 3403 981 3494 quidquid
988 3427 1089 3472 sextis
1104 3417 1153 3471 est
1166 3406 1353 3474 masculini
1367 3433 1381 3465 o
1394 3459 1401 3486 ,
1416 3407 1579 3474 methodo

259 3509 316 3572 For.
332 3513 387 3587 30,
411 3513 449 3572 11
467 3528 543 3595 sqq.
558 3507 741 3598 descripta.

296 3668 391 3718 ctoid.
412 3669 476 3731 Syr.
498 3669 571 3719 tolie.
590 3670 748 3720 Discrimen
765 3675 857 3722 ortum
876 3673 955 3726 duxit
970 3687 987 3726 e
1005 3677 1201 3738 punctatione.
1217 3690 1407 3742 numerusque
1428 3679 1580 3741 singularis

260 3761 303 3807 est
323 3757 552 3820 praeferendus:
578 3758 613 3808 oi.
638 3759 664 3820 i,
685 3759 712 3808 i.
732 3759 854 3812 Rursum
875 3774 903 3812 v.
926 3763 940 3811 3
962 3765 1036 3814 Sam.
1056 3765 1118 3826 Syr.
1144 3765 1314 3828 numeratis,
1336 3768 1377 3816 uti
1399 3766 1577 3825 crediderim.

259 3846 420 3896 correctius.
444 3873 481 3882 -
496 3847 632 3896 Summam
648 3847 778 3911 designat
792 3855 859 3907 mun
877 3853 961 3902 etiam
983 3851 1051 3903 Lev.
1072 3853 1116 3914 at
1143 3850 1237 3921 (mit).
1261 3881 1298 3892 -
1318 3855 1464 3905 Universae
1486 3858 1580 3907 omisit

258 3937 330 3985 Sam.
346 3935 406 3986 sive
421 3935 502 3995 torte,
519 3937 578 3986 sivo
589 3935 662 4000 quod
677 3949 704 3988 v.
721 3937 753 3988 18
768 3951 831 4002 sqq.
844 3939 986 3991 Levitaea
1000 3954 1088 3993 censu
1100 3944 1267 4004 eximantur,
1280 3944 1399 4009 ideoque
1409 3957 1508 4010 reapse
1523 3959 1580 3997 non

258 4025 380 4074 universi
399 4022 543 4074 israelitae
557 4025 614 4075 sint
628 4027 776 4077 numerati.
795 4027 851 4078 Sed
866 4042 900 4079 ea
914 4043 970 4079 non
986 4037 1047 4080 erat
1060 4032 1133 4082 ratio
1147 4031 1290 4084 sufficiens
1304 4033 1476 4088 omittendae
1490 4037 1578 4086 vocis.

256 4138 293 4149 -
314 4113 409 4162 Tribus
428 4112 622 4164 dividebantur
642 4115 670 4163 in
694 4117 874 4178 copnuttones,
898 4121 1081 4182 cognationes
1101 4121 1129 4171 in
1151 4119 1275 4185 [omittes
1290 4133 1340 4171 seu
1353 4125 1517 4185 putruerint.
1539 4124 1579 4174 De

259 4212 358 4250 vocum
372 4213 458 4252 sensu
473 4201 642 4266 quandoque
656 4215 731 4266 vago
746 4204 780 4253 ci.
798 4217 871 4268 quae
883 4205 1043 4258 dicebamus
1058 4209 1094 4258 ad
1108 4209 1160 4259 Ex.
1173 4209 1246 4271 ait.
1262 4236 1298 4247 —
1312 4210 1365 4259 iiia
1378 4213 1463 4274 igitur
1478 4225 1579 4262 sutrino

259 4289 367 4338 constat
384 4303 495 4338 numero
517 4293 666 4340 nominum.
687 4291 914 4358 Unumquodque
936 4303 1015 4361 ceput
1039 4309 1090 4348 seu
1108 4297 1297 4360 individuum,
1321 4298 1387 4349 dum
1411 4301 1579 4352 adeersum

257 4375 397 4440 prodibat,
412 4390 508 4427 nomen
521 4379 734 4442 pronuntiabat,
752 4395 807 4444 quo
822 4387 962 4434 constaret
976 4397 1077 4449 reapse
1092 4386 1235 4436 observari
1251 4386 1380 4438 ordinem
1394 4388 1575 4453 [anitiorum.

259 4463 359 4514 Verbis
378 4465 408 4512 in
425 4479 535 4515 numero
557 4471 695 4518 nominum
714 4469 873 4520 addendum
887 4474 1033 4536 supererat
1054 4473 1133 4535 iilud,
1149 4475 1225 4526 solos
1240 4490 1327 4525 enarer
1345 4479 1500 4540 recenseri;
1514 4479 1579 4528 hino

259 4552 414 4616 adscriptae
428 4565 512 4605 voces
525 4568 599 4605 omne
613 4557 802 4618 masculinum,
819 4560 920 4623 quibus
935 4559 1046 4612 additur
1058 4576 1113 4613 vox
1123 4565 1267 4615 secundum
1279 4567 1369 4631 cupito
1383 4579 1481 4626 eorum,
1493 4559 1582 4630 syno·'

260 4654 343 4705 nyma
357 4642 545 4710 expressionis
559 4645 590 4694 tn
604 4660 713 4697 nurnero
728 4649 876 4699 nominum.

305 4780 374 4848 Sed
387 4803 457 4849 non
472 4788 551 4849 sunt
566 4805 686 4853 omnes
701 4787 862 4854 maresia
881 4787 974 4856 hunc
989 4799 1224 4880 pugnatorum
1236 4813 1375 4860 censum
1390 4793 1575 4879 referendi,
