3522 5410
697 374 770 464 nun.
796 403 865 472 7,οὅ
888 419 949 470 sao.
1282 394 1289 412 ¹
1443 407 1481 464 63

198 571 225 608 v.
247 557 280 608 66
302 574 314 605 e
338 559 383 607 Die
406 559 504 606 decimo
528 557 653 621 princeps
675 557 793 619 filiorum
814 557 872 604 Dan
895 557 1017 614 Abieaer,
1039 555 1112 619 lilius
1136 558 1322 608 immicaddai
1347 575 1375 620 a,
1394 573 1421 609 v.
1449 561 1480 609 67

165 662 177 694 ι
192 647 289 696 obtulit
301 647 468 698 acetabulum
481 651 635 710 argenteum
650 647 803 710 appendent
818 651 920 694 centum
935 645 1052 707 triainta
1070 645 1164 707 ciclos,
1180 646 1304 710 phialam
1326 657 1482 716 arqenteam

163 737 303 786 habentem
319 737 492 800 septuaainta
504 733 583 784 ciclos
598 734 633 783 ad
646 734 750 799 pondus
765 735 932 791 sanctuarii,
946 740 1087 795 uirumque
1105 734 1216 798 plenum
1232 737 1324 786 simila
1340 751 1481 802 conspersa

163 825 219 875 olco
238 825 270 874 in
288 825 450 889 sacrificium
470 838 499 884 ι,-
515 837 543 875 v.
564 823 597 873 68
618 839 629 871 ι
650 823 838 872 mortariolum
857 835 968 871 aureum
989 824 1143 887 appendens
1165 825 1250 874 decem
1274 825 1353 875 siclae
1373 827 1482 890 plantem

163 915 270 964 incenso
287 927 315 974 ι;
331 927 359 962 v.
379 913 437 963 69«
455 913 544 964 bouem
557 913 587 962 de
601 919 719 962 armenta
732 917 756 961 et
769 913 880 962 arietem
889 917 913 961 et
924 925 1023 974 aunum
1038 911 1195 962 amniculum
1211 915 1241 962 iu
1256 914 1436 964 holocaustum
1453 931 1464 962 ι
1473 927 1481 976 ;

164 1018 190 1052 v.
207 1002 241 1054 70
263 1019 274 1050 c
290 1003 443 1066 hircumque
455 1016 505 1066 pro
519 1009 625 1066 peccato
642 1015 670 1062 ις
688 1015 715 1050 v.
734 1001 765 1050 ll
788 1007 839 1049 eet
854 1001 885 1048 in
900 1001 1000 1050 hostias
1012 1003 1185 1066 pacificorum
1201 1003 1276 1053 boues
1289 1005 1369 1062 duos,
1386 1007 1483 1054 arietes

163 1093 296 1158 quinque,
318 1092 405 1140 hireos
426 1093 557 1154 quinque,
579 1104 663 1153 aynae
685 1089 824 1139 anniculos
845 1091 973 1153 quinque.
994 1091 1063 1139 llaec
1085 1090 1137 1154 suit
1161 1091 1263 1142 oblatio
1285 1094 1407 1151 Altierer,
1431 1093 1484 1157 filii

163 1181 349 1231 Ammicaddai
367 1197 391 1229 n.

199 1283 226 1320 v.
251 1270 283 1319 77
306 1285 318 1317 e
343 1270 389 1318 Die
418 1270 557 1318 undecima
580 1270 705 1333 princepe
726 1267 844 1333 filiorum
866 1264 937 1318 Ater
956 1268 1081 1331 Plceaicl,
1108 1269 1181 1332 filius
1206 1271 1315 1320 ochran
1342 1287 1370 1330 ι,
1396 1283 1423 1320 v.
1450 1271 1482 1321 73

167 1375 179 1406 e
196 1358 293 1408 obtulit
305 1357 473 1407 acetabulum
492 1363 646 1420 araenteum
659 1357 813 1421 appendent
829 1361 933 1406 centum
951 1357 1068 1419 triyiuta
1082 1357 1174 1418 siclae,
1190 1359 1315 1422 pbialam
1329 1367 1482 1422 arcenteam

165 1448 304 1498 habentem
318 1449 492 1512 ceptuayinta
510 1445 588 1496 siclos
603 1447 638 1496 ad
655 1446 760 1510 pondus
775 1446 941 1506 sanctuarii,
958 1451 1098 1509 uirumque
1109 1445 1219 1509 plenum
1237 1448 1331 1498 simila
1342 1462 1484 1512 comperta

165 1535 221 1584 oleo
240 1538 271 1585 in
289 1538 451 1602 sacrificium
472 1541 500 1594 ῖς
524 1549 551 1586 v.
574 1534 607 1586 74
629 1551 640 1582 ι
662 1534 849 1584 mortariolum
870 1547 980 1584 aureum
998 1534 1151 1598 appendens
1171 1537 1256 1585 decem
1274 1537 1353 1587 siclae
1373 1537 1483 1602 puniam

164 1626 272 1674 incenso
289 1637 317 1685 ›;
332 1639 359 1674 v.
381 1625 413 1674 75
437 1625 556 1673 (bouem
579 1623 610 1672 de
626 1629 745 1672 armento
767 1629 790 1672 et
815 1624 926 1672 arielem
951 1629 974 1671 n
996 1637 1096 1686 aqueum
1114 1624 1271 1675 anniculum
1294 1627 1325 1674 ln
1346 1626 1485 1676 holocaus-

166 1719 221 1762 tum
238 1727 266 1774 »;
284 1727 309 1762 v.
328 1712 361 1763 76
378 1728 389 1760 ι
405 1713 558 1775 hircumque
571 1726 624 1776 pro
641 1719 748 1777 peccato
763 1728 774 1759 r
783 1725 790 1774 ;
804 1725 832 1764 v.
848 1711 882 1762 77
898 1727 909 1760 r
926 1719 950 1760 et
964 1713 995 1761 in
1009 1713 1111 1762 hostias
1124 1714 1298 1779 pacificorum
1316 1713 1391 1764 boues
1406 1715 1483 1774 dicor,

166 1803 262 1850 arietes
277 1802 408 1864 quinque,
426 1801 513 1850 bircae
528 1802 661 1864 qui-aque,
678 1815 760 1864 cauae
778 1801 1064 1865 cuotienscumque.
1085 1803 1154 1850 llaec
1169 1803 1222 1866 suit
1240 1803 1341 1852 oblatio
1359 1803 1483 1867 Pbeaiel,

164 1889 218 1956 filii
231 1891 336 1940 chran
352 1907 377 1940 ι.

199 1993 227 2029 v.
246 1979 279 2030 78
299 1979 374 2028 «Die
398 1980 550 2029 duodecima
573 1981 699 2044 princepe
713 1979 832 2044 filiorum
855 1980 1001 2044 Ncpbtbali
1026 1981 1126 2042 Altina,
1149 1980 1223 2045 filius
1247 1981 1327 2030 Euan
1353 1996 1381 2042 n,
1397 1994 1425 2031 v.
1451 1981 1485 2032 79

167 2084 178 2115 ι
195 2068 292 2118 obtulit
308 2067 476 2117 acetabulum
491 2074 645 2130 argenteum
660 2068 813 2132 appendeat
827 2074 930 2118 ceulam
945 2071 1061 2132 triainta
1078 2069 1171 2130 siclae,
1187 2069 1314 2134 phialam
1330 2077 1482 2132 arpenteam

166 2157 305 2206 nabentem
326 2158 499 2219 septuaainta
522 2156 601 2206 siclos
625 2158 659 2206 ad
686 2157 791 2222 pondus
815 2158 981 2218 sanctuarii,
1005 2165 1145 2221 utrumque
1169 2143 1293 2222 plenum¹
1308 2158 1401 2207 simila
1430 2158 1486 2206 oleo

166 2259 306 2309 compensa
332 2246 362 2294 in
382 2246 544 2309 sacrificium
569 2258 597 2306 ις
622 2258 648 2294 v.
676 2245 709 2295 80
733 2261 745 2292 e
769 2245 955 2295 mortariolum
979 2259 1091 2295 aureum
1116 2247 1271 2310 appendent
1297 2248 1383 2296 decem
1408 2247 1485 2296 eicior

164 2333 274 2397 plenum
293 2336 398 2382 incenso
422 2347 452 2390 r:
471 2347 500 2384 v.
524 2332 555 2383 81
582 2350 593 2381 e
622 2334 711 2382 bovem
732 2333 763 2382 de
788 2340 907 2384 artnento
929 2341 953 2383 et
975 2336 1086 2384 arietem
1109 2342 1133 2382 et
1157 2348 1257 2397 aunum
1279 2335 1436 2384 anniculum
1455 2337 1486 2384 in

167 2421 348 2472 holacaustum
365 2436 393 2483 »ς
409 2435 436 2473 v.
458 2421 492 2472 87
515 2422 699 2486 «hircumque
721 2435 771 2486 pro
794 2430 900 2487 peccato
925 2435 953 2483 ›;
970 2435 998 2472 v.
1016 2423 1048 2472 83
1071 2429 1123 2472 ‹et
1144 2424 1174 2472 in
1194 2424 1294 2473 hostiae
1313 2425 1484 2490 pacificorum

166 2511 242 2561 boues
269 2513 348 2570 ditos,
372 2512 469 2561 arietes
490 2511 623 2574 quinque,
647 2511 734 2560 bircae
755 2513 886 2574 quinque,
910 2525 994 2574 aanor
1022 2511 1163 2562 anniculos
1189 2513 1315 2576 quiaque.
1338 2513 1407 2562 llaec
1432 2513 1485 2577 sitit

166 2599 266 2650 oblatio
281 2601 381 2660 Abire,
398 2600 452 2663 pitu·
467 2600 547 2650 Euan
563 2615 587 2650 a.

210 2783 436 2866 Adscribitun‚
461 2783 513 2851 uti
542 2783 643 2864 alias,
662 2804 807 2850 summe.
825 2806 858 2852 v.
869 2769 918 2850 'el
937 2811 953 2845 u
971 2784 1114 2851 Haecin
1129 2783 1346 2852 dedicatione
1362 2785 1485 2852 altaria

166 2892 280 2958 oblata
298 2902 378 2957 stent
393 2914 415 2956 a
423 2890 642 2980 principibus
655 2889 775 2975 Israel,
793 2889 830 2956 in
840 2889 898 2958 dic
917 2912 986 2980 qua
1001 2874 1235 2958 coicsecralum
1252 2905 1300 2958 eet
1316 2919 1345 2976 u,
1363 2892 1401 2959 in
1416 2893 1483 2974 die,

167 3019 236 3086 qua
259 2999 344 3064 haec
363 2998 571 3064 consecratio
590 2997 732 3088 publica
755 2997 970 3064 solemnitate
994 2997 1250 3080 celebrabilem
1270 3020 1353 3084 ergo
1367 3021 1487 3066 secun·

166 3105 251 3171 dum
266 3126 298 3168 v.
320 3110 362 3170 88
379 3115 460 3193 post
484 3103 596 3194 ipsam
611 3102 903 3170 consecrationem
923 3121 931 3169 :
954 3133 969 3164 a
987 3103 1166 3170 acetabula
1180 3117 1344 3192 arpentea
1359 3103 1487 3170 duode-

167 3209 249 3297 cim,
275 3209 418 3300 phialae
444 3223 626 3298 arpenleoe
650 3207 850 3295 duodecim,
877 3209 1078 3278 recautariola
1104 3232 1209 3276 aitrau
1241 3209 1422 3276 duodecim
1449 3231 1484 3290 »;

166 3339 199 3384 v.
220 3324 262 3384 85
286 3343 301 3378 «
329 3317 378 3383 ita
403 3330 441 3383 ut
464 3328 597 3384 centum
624 3315 771 3406 triqinta
796 3314 897 3384 ciclos
916 3315 1055 3406 arpenti
1079 3316 1217 3383 liaberet
1240 3339 1349 3385 cereum
1371 3330 1446 3384 acet
1470 3357 1486 3370 -

167 3422 300 3507 betleem,
324 3435 356 3489 el
376 3422 598 3514 septuaqt'nta
619 3422 720 3489 ciclos
744 3423 882 3490 baberet
904 3445 976 3490 cena
995 3422 1135 3513 phiala,
1156 3423 1181 3490 i.
1205 3447 1235 3491 e.
1257 3423 1486 3491 incommune

168 3553 324 3597 vasorum
346 3533 498 3596 omnium
517 3553 559 3597 ea
574 3542 719 3620 arpenta
739 3529 817 3596 sicli
835 3528 904 3596 duo
920 3528 1034 3597 millia
1053 3529 1320 3621 qccadrinpenti,
1331 3531 1486 3621 pondere

167 3636 358 3704 sanctuarii
373 3658 408 3718 »3
425 3676 471 3687 —
491 3643 532 3704 36
548 3636 676 3724 kilogn.
694 3643 757 3704 970
772 3641 804 3703 et
821 3645 841 3703 7
857 3643 921 3702 037
936 3638 979 3706 sn.
1001 3675 1045 3687 -
1059 3660 1092 3704 v.
1109 3644 1152 3704 86
1170 3666 1185 3698 «
1207 3638 1408 3705 mortariola
1423 3661 1486 3726 aa:

167 3765 224 3810 reu
238 3741 417 3812 duodecim
428 3742 538 3834 platta
565 3743 701 3812 incenso
724 3743 827 3811 denas
846 3743 947 3810 siclae
973 3743 1207 3833 appendentia
1220 3744 1374 3834 pandere
1386 3768 1485 3811 sanc-

168 3851 290 3935 tuarii,
316 3851 341 3918 i.
365 3874 394 3919 e.
417 3851 523 3917 semul
542 3849 621 3918 artri
642 3848 719 3916 sicli
740 3862 874 3918 centum
897 3849 1027 3939 oipinti
1050 3871 1084 3931 »3
1107 3889 1151 3900 —
1172 3857 1187 3916 1
1216 3851 1344 3937 kilogn.
1373 3856 1437 3919 776
1453 3856 1487 3917 et

167 3963 264 4025 5777
286 3959 347 4037 fr.;
370 3979 493 4027 aurum
508 3962 652 4044 argento
667 3955 824 4024 additum
848 3962 888 4022 17
901 3962 966 4023 306
981 3957 1024 4024 fr.
1042 3995 1086 4007 —
1101 3980 1133 4024 v.
1155 3964 1196 4025 87
1215 3985 1230 4018 «
1252 3959 1349 4023 boves
1367 3956 1408 4022 de
1428 3979 1487 4022 ar·-

167 4077 279 4130 mento
302 4063 340 4129 in
363 4062 600 4131 holocaustum
628 4061 824 4148 duodecim,
850 4063 974 4129 arietes
995 4061 1193 4143 duodecim,
1221 4064 1307 4151 aquei
1330 4062 1487 4128 anniculi

168 4168 346 4236 duodecim
365 4182 398 4236 cl
422 4169 609 4238 libamenta
630 4191 767 4256 earum‚·
783 4169 874 4236 birci
896 4168 1077 4236 detodecim
1094 4191 1159 4259 pro
1179 4179 1318 4257 peccato
1336 4190 1371 4250 »3
1389 4191 1422 4235 v.
1444 4176 1486 4238 88

171 4305 186 4338 u
210 4275 248 4342 in
268 4275 398 4342 nostias
423 4277 646 4366 pacificorum
673 4280 770 4344 boves
795 4276 923 4367 oiqinti
943 4287 1103 4366 quatuor,
1135 4274 1259 4342 arietes
1282 4275 1485 4365 senapinla,

167 4380 255 4450 birci
275 4381 474 4472 sacopenio,
500 4383 584 4472 aqni
609 4382 767 4451 anniculi
797 4383 993 4472 senapinta.
1017 4383 1110 4449 Haec
1134 4379 1248 4448 oblata
1270 4397 1351 4448 sunt
1371 4381 1408 4450 in
1428 4383 1487 4450 de-

169 4487 342 4556 dicatione
361 4486 499 4574 altaris,
526 4490 663 4580 quando
690 4519 705 4553 u
725 4528 770 4541 -
788 4489 889 4556 Heba.
915 4501 1099 4579 postquam
1122 4525 1166 4538 -
1191 4515 1207 4550 u
1231 4501 1372 4556 tinctum
1390 4501 1436 4556 eut
1453 4517 1484 4554 ».

168 4595 276 4663 Verbo
302 4594 462 4685 explicite
484 4594 640 4679 edicunt,
666 4597 915 4664 dedicationem
937 4596 1027 4662 hano
1045 4595 1200 4663 habitam
1217 4618 1288 4664 esse
1298 4609 1487 4685 posterea-

169 4703 297 4770 tionem
319 4707 352 4769 et
377 4701 574 4769 unctionem
598 4725 631 4770 v.
658 4709 690 4769 1.
712 4706 868 4771 Ceterum
886 4706 1037 4770 extrema
1064 4703 1230 4771 sententia
1252 4702 1484 4770 narrationem

170 4808 393 4878 dedicationis
412 4807 599 4877 concludit.
