3492 5392
596 429 705 482 044444
728 431 883 475 eneruem
907 417 1048 477 44444444
1429 417 1487 477 463

165 571 294 620 4404114444
310 589 336 631 ι,
354 575 382 621 44
397 570 561 620 Balaamum
581 568 783 619 confitentem:
803 583 814 616 4
833 569 919 628 Quasi
932 570 1090 632 cymbalum
1111 571 1233 620 tinniens
1249 583 1349 620 sonum
1369 568 1456 618 reddo
1474 585 1484 615 4

167 655 264 726 (Epist.
283 657 316 710 49
329 673 357 707 n.
375 658 415 707 at
427 659 451 717 l;
470 657 503 706 H.
524 655 637 717 latrat
653 657 718 722 sq).
736 657 884 720 Repugnat
900 657 970 707 baec
983 660 1079 721 opinio
1094 659 1248 709 narrationi
1262 671 1374 716 sacrae,
1390 657 1487 720 impri-

164 749 217 797 mis
236 747 309 808 44,1.
333 747 475 796 «Attente
495 746 617 809 perlceta
636 747 797 796 narratione
816 759 896 796 sacra
915 759 1080 808 persuasam
1099 747 1216 798 habebis
1237 747 1364 796 Balaami
1383 746 1487 796 bonam

164 835 247 886 fidem
262 839 290 886 et
304 836 493 886 sinceritatem
508 835 679 884 consulentis
694 833 814 893 lahren,
827 834 998 898 alloquentis
1015 836 1113 896 Baiae,
1123 836 1337 886 vaticinantis...
1351 834 1488 897 Loquitur

163 925 198 974 de
213 925 298 975 lahvc
313 937 375 974 cum
390 935 499 975 summa
513 924 671 974 reverentia
685 925 802 986 eiusque
824 923 938 976 oracula
955 923 1084 986 protatur
1096 925 1190 975 verbis
1204 925 1338 988 pietatem
1353 924 1486 987 spiranti-

163 1013 243 1064 bus»
262 1012 397 1078 11419444
409 1025 437 1076 p.
458 1009 508 1062 484
524 1011 588 1078 sq).
614 1011 761 1075 Habetque
782 1012 852 1062 haec
871 1014 943 1062 ratio
962 1015 1041 1062 tanto
1060 1013 1126 1076 plus
1146 1013 1294 1076 ponderis,
1312 1013 1335 1062 st
1356 1011 1487 1062 admittas

164 1103 252 1154 Deum
269 1102 402 1152 Balaamo
414 1101 555 1152 revelasse
571 1113 616 1151 rea
628 1101 710 1164 eique
723 1101 873 1152 verborum
889 1101 1030 1152 delectum
1045 1104 1222 1165 permisisse

208 1240 314 1308 Etiam
341 1247 419 1306 ante
441 1238 674 1307 Hebraeorum
697 1239 883 1305 adveutum
912 1239 1048 1306 videtur
1073 1239 1213 1307 Balaam
1242 1261 1359 1306 rerum
1382 1245 1486 1304 114444

163 1348 295 1414 novisse
327 1347 468 1434 eiusque
498 1344 639 1412 oracula
668 1344 836 1434 accepisse
871 1344 1013 1434 (aetate
1044 1370 1079 1435 p.
1109 1353 1174 1412 444
1198 1368 1288 1435 sqq.,
1320 1345 1484 1433 Meiprrerr

162 1475 197 1542 p.
221 1458 284 1520 483
300 1473 375 1542 sqq.
400 1459 464 1518 544
480 1474 569 1540 sqq.,
585 1450 725 1539 llimpel
743 1473 778 1540 p.
796 1457 859 1517 669
881 1451 962 1540 sq).
980 1457 1049 1518 Hoc
1071 1451 1252 1520 statuimus
1273 1457 1483 1528 contraeas,

164 1559 222 1648 qni
237 1564 373 1624 censent
389 1556 529 1624 Balaam
540 1563 640 1624 antea
658 1557 747 1623 nihil
763 1557 864 1624 luisse
879 1557 946 1624 nisi
961 1559 1276 1647 praestigiatorem,
1300 1565 1333 1625 et
1351 1581 1371 1623 a.
1386 1557 1486 1623 lahve

163 1664 275 1732 subito
291 1685 491 1731 conversum
507 1686 577 1730 esse
592 1663 629 1730 in
642 1685 761 1730 verum
777 1665 994 1753 prophetam.

203 1829 225 1880 1.
242 1827 345 1878 Textus
360 1827 422 1877 443
439 1841 481 1890 sq.
502 1829 531 1876 lb
543 1839 585 1890 sq.
598 1827 729 1877 videntur
743 1826 901 1877 describere
916 1827 1029 1878 modum
1045 1835 1279 1892 caesariamque
1292 1827 1408 1878 Balaam
1423 1839 1487 1893 ora-

163 1917 225 1967 cula
240 1917 452 1966 nanciscebatur
469 1928 475 1964 :
493 1915 538 1965 4414
550 1918 643 1966 autem
657 1915 757 1966 medus
775 1915 887 1965 videtur
901 1914 987 1966 tuisse
1006 1917 1082 1966 haud
1100 1917 1229 1968 diversus
1244 1917 1279 1966 ab
1294 1929 1328 1966 eo
1346 1915 1422 1976 tat,
1440 1917 1487 1978 qui

161 2006 190 2054 in
211 2005 274 2054 allis
292 2011 403 2068 praeter
421 2004 536 2067 Moysen
557 2005 701 2067 prophetis
720 2004 850 2054 1441444414
870 2005 1015 2055 obtinebat
1022 2017 1029 2064 ;
1050 2005 1166 2056 oracula
1184 2009 1279 2056 autem
1301 2005 1350 2054 llla
1370 2005 1487 2054 Balaam

163 2093 377 2144 nanciscebatur
398 2093 433 2142 ab
448 2093 495 2150 El,
513 2093 607 2152 111104,
629 2091 782 2154 Schaddal,
800 2094 818 2141 i.
841 2104 900 2143 (4.4
918 2106 985 2144 4440
1009 2093 1069 2143 1140
1090 2095 1125 2144 114
1148 2093 1307 2143 nominibus
1331 2093 1484 2156 appellato.

163 2195 235 2245 quae
248 2181 415 2245 patriarchis
428 2181 539 2232 lucrant
554 2193 623 2244 prae
635 2183 736 2232 ceteris
748 2193 847 2232 saera.
1293 2233 1295 2238 ,

199 2271 224 2320 4.
247 2269 317 2321 Cum
337 2270 442 2320 lahven
464 2271 574 2321 44044414
599 2270 714 2320 Balaam
738 2271 913 2333 potissimum
928 2282 943 2319 e
959 2271 1101 2322 miraculis
1124 2271 1206 2322 exodi
1228 2283 1317 2333 eaque
1337 2282 1402 2320 mex
1423 2269 1484 2331 (lix.

166 2359 252 2424 itata)
274 2359 405 2422 gentibus
425 2365 516 2409 144444
533 2361 687 2422 promissae
708 2360 894 2418 innotuerint,
911 2366 993 2409 norat
1011 2371 1079 2408 sane
1102 2361 1217 2408 Balaam
1234 2359 1338 2408 lahren
1361 2358 1488 2420 pluribus

162 2448 315 2497 4444144414
330 2447 521 2498 Hebraeorum
532 2447 693 2498 adrentum.
710 2446 823 2498 Sciebat
833 2459 897 2497 eum
909 2448 1029 2498 eundem
1044 2459 1106 2497 4444
1122 2451 1206 2511 atquc
1220 2447 1262 2506 lll,
1275 2447 1366 2501 Ellon.
1383 2445 1487 2496 841444-

163 2535 208 2586 dal
225 2549 230 2584 :
248 2538 352 2586 etenim
373 2537 476 2593 114444,
497 2551 514 2586 4
533 2550 589 2599 quo
608 2535 766 2600 prohibitus
791 2535 881 2586 luerat
904 2536 1071 2586 maledicere
1097 2535 1209 2591 1444411,
1231 2535 1314 2585 444040
1337 2533 1484 2593 recutiti,

163 2624 246 2674 modo
259 2625 364 2675 14144444
379 2624 452 2683 43,8.
473 2623 698 2684 19;14444114444
714 2625 827 2676 Israelis
839 2627 958 2688 utreque
975 2625 1089 2676 nominc
1099 2625 1223 2688 appellat
1237 2625 1329 2684 rati.
1345 2623 1393 2684 43;
1407 2623 1484 2684 44,6;

163 2712 296 2774 affirmat,
313 2712 346 2762 El
361 2713 490 2764 44441444
506 2713 639 2764 lsraelem
657 2713 691 2763 dc
712 2715 839 2777 Aegypto
856 2713 951 2774 43,44;
967 2713 1040 2773 448.
1062 2713 1086 2764 Α
1101 2714 1202 2778 legatis
1218 2715 1392 2777 appellatus,
1410 2713 1486 2763 llllco

162 2802 223 2852 atne
238 2801 295 2851 ulla
310 2801 484 2851 dubitatione
500 2805 548 2852 aut
563 2803 747 2854 admiratione
766 2803 865 2854 statuit
880 2803 1005 2862 axioma,
1022 2814 1081 2852 rem
1097 2801 1282 2853 dirimendam
1300 2815 1363 2853 esse
1383 2801 1485 2851 iudicio

163 2889 256 2940 141444.
279 2889 372 2940 Nolim
387 2892 481 2940 tamen
496 2903 529 2940 eo
545 2891 711 2954 procedere,
728 2895 759 2941 ut
778 2903 841 2942 curu
855 2891 955 2940 11414144
973 2905 1001 2956 p.
1020 2891 1085 2945 443,
1102 2891 1233 2954 11419444
1252 2905 1279 2954 p.
1297 2892 1362 2950 544,
1380 2890 1485 2955 llr'mpet

162 2991 188 3042 p.
202 2977 252 3028 61111
266 2991 404 3036 asseram,
418 2979 567 3029 1444444144
581 2979 694 3029 Balaam
707 2981 813 3030 14144444
825 2981 986 3040 invocasse,
1002 2981 1062 3030 elus
1074 2981 1188 3030 nemine
1199 2980 1313 3029 oracula
1323 2981 1482 3041 accepisse:

163 3066 209 3116 ubi
225 3067 299 3116 enim
319 3067 416 3118 titulos
435 3067 522 3117 veluti
542 3069 698 3130 prophetici
719 3070 844 3118 muneris
863 3069 976 3128 recitat,
998 3068 1123 3131 appellat
1142 3068 1189 3119 El.
1212 3067 1307 3122 Blion.
1330 3067 1483 3123 Schaddai‚

162 3167 219 3204 non
234 3155 321 3206 lahvo
337 3168 343 3204 ε
357 3157 494 3220 propheta
508 3170 564 3205 non
580 3157 718 3206 hebraeus
729 3166 784 3205 non
801 3159 910 3218 poterat
923 3169 985 3206 esse
996 3157 1131 3219 propbeta
1143 3155 1240 3205 lahre.
1253 3155 1351 3218 Neque
1366 3154 1482 3204 allirmo.

162 3244 224 3294 1440
240 3244 326 3294 114144
338 3246 491 3295 recurrisse
507 3244 542 3294 ad
558 3245 687 3296 Balaam.
705 3244 779 3307 quod
791 3256 854 3294 eum
865 3250 961 3294 nosset
972 3257 1034 3293 eum
1047 3244 1134 3294 lahrc
1148 3243 1253 3293 babere
1265 3245 1462 3293 commercium
1478 3256 1482 3290 :

162 3333 239 3382 nullo
251 3339 417 3396 argumento
430 3333 542 3398 probari
556 3335 650 3396 potest
664 3334 779 3382 scivisse
796 3332 894 3392 Baiae,
913 3331 1018 3382 labven
1034 3332 1155 3382 eundem
1170 3345 1233 3382 esse
1247 3335 1331 3394 atque
1342 3331 1384 3381 El.

198 3423 223 3470 3.
250 3421 393 3472 0141141441
418 3423 534 3472 Balaam
555 3421 642 3472 tuisse
664 3421 843 3472 idololatram
865 3435 871 3469 :
894 3419 1061 3470 sacrificavit
1085 3421 1160 3470 enlm
1182 3419 1260 3480 aaa
1284 3422 1312 3470 14
1334 3436 1345 3466 r
1367 3421 1485 3470 excelsis

162 3511 230 3560 Baal
247 3526 270 3559 4.
291 3509 464 3562 Sacrificant
478 3511 554 3561 Elias
569 3523 682 3574 quoque
697 3523 712 3560 c
727 3511 842 3572 regiona
858 3510 955 3560 altaris
969 3509 1145 3572 1344131444.
1163 3509 1241 3565 rara
1257 3521 1319 3573 sqq.
1337 3509 1486 3560 Praeterea

159 3601 252 3650 recole
268 3599 336 3649 Baal
355 3597 502 3666 (dominus)
519 3600 648 3663 primitus
664 3605 691 3650 et
706 3595 796 3664 ipsum
811 3599 899 3649 tuisse
914 3610 1017 3648 nomen
1029 3599 1089 3648 veri
1109 3599 1171 3648 Dei.
1188 3597 1259 3649 Cum
1274 3611 1352 3660 4430,
1360 3599 1484 3648 narratio

167 3699 201 3738 ea
215 3687 272 3738 lere
288 3690 407 3751 attingat
422 3691 561 3753 tempora,
576 3689 676 3752 qulbus
694 3688 832 3738 Moabitae
845 3701 861 3736 a
875 3687 930 3737 sule
944 3687 1005 3737 veri
1022 3687 1073 3737 Del
1088 3687 1241 3750 vergebant
1257 3687 1291 3737 ad
1307 3688 1484 3751 superstitio·

160 3789 224 3825 nem
237 3782 267 3828 et
278 3777 483 3828 idololatriam.
500 3778 591 3840 potuit
607 3778 654 3826 ille
670 3777 753 3836 Baal,
771 3777 810 3826 uti
825 3778 911 3826 etiam
927 3775 1104 3840 Beelphegor
1124 3789 1173 3827 seu
1195 3777 1263 3826 Baal
1282 3777 1395 3839 Phegei·
1414 3777 1483 3841 (eura

165 3865 245 3916 tana
262 3864 296 3914 ei.
313 3865 401 3931 45,3),
418 3879 480 3916 esse
493 3878 575 3916 verus
590 3866 678 3924 Deus,
693 3866 772 3916 culus
786 3867 884 3928 utique
897 3865 984 3915 cultui
999 3865 1137 3916 Moabitae
1152 3867 1207 3916 lam
1219 3865 1368 3929 plurimam
1379 3865 1481 3914 admis-

163 3954 263 4004 cebant
281 3956 508 4018 superstitionem
524 3959 551 4004 et
571 3954 720 4004 luxuriam.
738 3953 837 4017 Neque
858 3953 957 4006 etliclt.
975 3955 1004 4002 in
1019 3954 1075 4005 lllls
1090 3954 1233 4004 montibus
1247 3952 1334 4003 iulssc
1354 3953 1485 4002 44444104·-

160 4049 235 4092 44444
247 4043 340 4106 aliqua
355 4044 506 4094 simulacra
519 4043 589 4093 Baal
605 4056 612 4093 τ
629 4043 698 4093 solis
712 4044 816 4106 quippe
832 4041 967 4094 Hebraeis
982 4045 1166 4107 praeceperat
1182 4043 1257 4092 Deus
1273 4043 1379 4091 cultum
1392 4053 1485 4090 amor-

162 4130 259 4194 phum.

198 4218 222 4268 4.
241 4219 326 4269 Alunt
340 4221 439 4280 etiam,
456 4221 519 4271 ideo
539 4219 654 4270 Balaam
667 4233 725 4271 non
740 4233 802 4271 esse
818 4219 978 4270 habendum
995 4231 1094 4270 verum
1108 4219 1285 4283 prophetam.
1301 4217 1376 4282 qued
1391 4219 1417 4268 el
1429 4231 1485 4268 non

158 4307 326 4359 concedatur
339 4309 492 4372 prophetae
507 4309 605 4360 titulus
619 4315 698 4365 44141.
715 4309 897 4360 Ν4444404444
911 4309 1063 4358 hebraeum
1078 4308 1245 4371 prophetam
1258 4321 1315 4358 non
1332 4307 1485 4358 hebraeum

158 4398 243 4459 atque
255 4396 367 4446 tandem
381 4409 398 4445 a
413 4397 473 4447 Deo
487 4396 667 4460 reprobatum
682 4409 738 4446 non
754 4397 934 4446 constituisse
949 4395 1049 4446 eodem
1072 4394 1156 4470 plane
1176 4393 1322 4457 dignitatis
1338 4395 1427 4458 gradu
1443 4397 1486 4445 at-

158 4497 213 4548 que
225 4485 375 4548 prophetas
387 4486 538 4545 hebraeos,
555 4497 646 4549 neque
663 4485 783 4535 eundem
799 4487 852 4548 ipsi
871 4486 955 4547 atque
974 4483 1062 4546 Moysi
1083 4483 1193 4533 titulum
1215 4485 1404 4534 404444441444.
1420 4486 1485 4546 quis

160 4573 292 4624 miretur?
309 4571 338 4623 S.
356 4572 454 4624 Petrus
470 4575 565 4637 utique
579 4575 695 4624 Balaam
710 4573 834 4637 appellat
848 4573 1027 4638 prophetam.

201 4717 253 4778 An
279 4716 338 4778 aut
361 4733 525 4800 quorsum
546 4712 583 4779 in
602 4711 725 4807 ritibus
747 4711 911 4779 adhibitis
932 4710 1071 4778 Balaam
1102 4713 1294 4800 peccaverit
1322 4710 1486 4800 supersti-

163 4817 269 4900 tione,
289 4841 355 4885 non
372 4818 492 4908 liquet.
