3492 5392
699 391 770 435 unu.
795 373 888 446 auis
909 388 974 440 soa.
1106 329 1108 338 V
1436 380 1493 438 ί237

177 553 192 585 a
212 524 275 590 Cui
294 523 467 614 respondit
485 522 596 589 Edam
619 549 635 582 s
656 546 719 612 per
738 523 917 613 proprium
937 522 1088 608 legatum
1110 526 1143 588 et
1161 523 1302 590 fortasse
1325 523 1407 592 item
1429 550 1492 615 per

174 629 351 720 epistolam
370 651 377 696 :
398 659 413 691 ε(
429 633 508 697 Non
521 629 755 718 transibisper
769 653 833 706 me,
849 628 1009 716 alioquin
1020 641 1174 694 aritretus
1190 651 1365 697 creterram
1382 632 1443 697 tibi
1461 662 1490 698 ».

209 839 250 889 De
266 838 351 888 Gratti
366 842 394 888 et
405 837 512 887 Seldent
528 837 733 898 controuersia,
750 849 786 886 an
804 839 875 887 iuste
894 838 1015 900 potuerit
1026 848 1076 886 rex
1091 836 1178 886 Edom
1194 837 1329 889 Hebraeis
1345 841 1491 890 transitum

174 940 223 991 per
237 940 303 978 suos
318 925 389 978 lines
403 926 558 989 denegare,
573 926 609 977 ct.
627 925 712 976 datm.
730 925 800 978 Cum
818 926 894 976 Deus
909 926 1022 976 nomine
1043 925 1127 975 lahve
1142 938 1199 975 non
1214 931 1287 976 essct
1302 927 1491 979 Edomitarum

174 1017 263 1076 Deus,
280 1017 414 1066 revelatio
429 1016 552 1065 mosaica
571 1028 628 1065 non
643 1014 678 1063 art
690 1016 768 1077 ipsos
782 1014 958 1076 dirigeretur,
975 1013 1017 1062 tas
1033 1015 1093 1062 erat
1105 1016 1165 1077 regi
1178 1013 1266 1064 Edom
1280 1029 1347 1065 suos
1359 1015 1429 1066 fines
1447 1032 1492 1068 se-

174 1105 294 1155 cundum
307 1103 471 1167 prudentiae
485 1104 622 1153 naturalis
632 1102 783 1153 dictamina
794 1104 874 1153 tucri.
890 1102 1044 1152 Prudenter
1054 1106 1147 1152 autem
1159 1102 1323 1153 excludebat
1339 1105 1492 1170 Hebraeos,

174 1193 244 1244 Toto
259 1207 293 1244 ec
306 1206 377 1244 aevo
392 1192 479 1242 tribus
493 1193 587 1255 plures
604 1191 755 1242 bellicosae
773 1187 904 1256 (Hyksos)
921 1197 956 1240 ex
976 1191 1103 1254 Aegypto
1123 1193 1152 1240 in
1166 1193 1260 1242 Asiam
1276 1193 1376 1256 pedem
1388 1197 1493 1245 retule-

174 1286 236 1332 rant
251 1285 333 1346 atque
346 1284 475 1345 gentium
491 1293 540 1331 eos
553 1285 658 1330 tractus
674 1281 856 1330 incolentium
871 1277 942 1330 fines
954 1281 1115 1342 attigerant.
1132 1279 1171 1329 Ut
1185 1281 1318 1344 paciticus
1330 1283 1384 1332 sibi
1396 1285 1494 1335 transi-

175 1377 219 1420 tus
234 1370 442 1430 concederetur,
457 1370 552 1434 plnres
567 1371 627 1419 sinc
646 1364 731 1418 dubio
746 1370 898 1431 petierant;
915 1367 964 1418 sed
978 1369 1062 1418 venia
1076 1368 1191 1418 obtenta
1204 1368 1287 1419 sulem
1302 1369 1426 1422 letcllere
1441 1373 1494 1422 ali-

175 1473 256 1522 quae,
272 1465 319 1509 aut
333 1460 428 1523 aliqua
442 1455 557 1508 sub'orta
572 1459 633 1508 rixa
648 1459 773 1508 mutatae
788 1459 895 1508 suntin
911 1457 1016 1507 hostes.
1034 1456 1131 1507 Maluit
1145 1459 1229 1520 igitur
1243 1470 1293 1508 rex
1308 1459 1395 1509 Edom
1410 1463 1495 1511 armis

174 1547 260 1598 sidere
272 1549 344 1608 suis,
358 1559 442 1610 quam
456 1547 628 1597 advenarum
642 1546 797 1610 promissis.
811 1546 909 1609 Neque
924 1546 970 1595 hlc
983 1558 1075 1609 neque
1090 1546 1172 1595 Deut.
1190 1546 1204 1595 ‘i
1221 1547 1443 1610 reprehenditur.

219 1719 322 1778 Porro
344 1711 515 1778 israelitae
529 1701 615 1779 'curn
635 1711 749 1797 legato
769 1709 923 1776 Edomita
946 1715 1073 1797 agunt,
1095 1693 1304 1778 conditiones
1326 1736 1356 1779 v.
1375 1720 1416 1778 17
1436 1737 1493 1780 ac-

176 1818 325 1884 curatius
345 1819 525 1886 detiniunt.
544 1822 649 1896 Quam
671 1816 773 1882 modo
791 1815 947 1882 dixerant
965 1816 1111 1906 repient,
1129 1840 1221 1884 nunc
1236 1823 1356 1884 vocant
1376 1819 1493 1886 tritam

177 1925 281 2008 riam,
304 1924 348 1991 ab
367 1925 459 2010 agris
476 1929 509 1990 et
527 1923 636 1990 vineis
656 1922 784 2012 oppido
803 1921 1013 1990 distinctam.
1032 1923 1196 2013 Explicite
1214 1927 1362 2013 pretinm
1385 1949 1493 2015 aqua-

176 2053 250 2097 rum
267 2031 495 2120 paciscuntur,
509 2036 611 2120 atque
626 2031 807 2096 transitum
821 2028 1032 2095 citissimum.
1049 2026 1094 2095 lte
1107 2030 1184 2095 cibo
1196 2031 1247 2097 uti
1260 2054 1292 2097 v.
1310 2038 1350 2097 17
1361 2038 1490 2115 tacent;

175 2139 282 2214 huuc,
300 2138 328 2204 si
342 2136 593 2232 proferebatur,
611 2135 722 2226 pretio
737 2136 811 2202 tore
827 2134 1012 2202 emendum
1030 2135 1170 2202 evidens
1185 2141 1273 2219 erat,
1287 2159 1399 2228 neque
1415 2161 1492 2205 con-

174 2244 300 2311 sendns
318 2249 391 2311 erat
409 2265 468 2308 rer
487 2242 595 2310 Edem
611 2265 689 2310 suos
708 2242 796 2308 velle
817 2241 1003 2330 prohibere
1020 2263 1041 2308 a
1060 2247 1263 2329 quaestuosa
1282 2249 1489 2322 mercatura;

175 2351 234 2416 sed
249 2349 394 2417 dubium
409 2371 479 2416 esse
495 2355 629 2438 poterat
640 2348 681 2415 de
694 2347 804 2436 aquis,
820 2369 851 2413 v.
867 2353 908 2412 19
926 2377 940 2408 u
956 2347 1191 2437 Dineruatque
1198 2347 1269 2436 filii
1281 2349 1387 2416 lsrael
1399 2371 1412 2414 :
1427 2353 1493 2417 Per

175 2455 294 2523 tritam
312 2454 515 2545 praeliemur
528 2455 620 2520 uiam
635 2466 683 2540 et,
702 2453 733 2520 si
748 2452 929 2519 biberimus
943 2476 1053 2544 aquas
1069 2467 1145 2520 tuas
1163 2477 1223 2520 nos
1238 2466 1271 2520 et
1281 2478 1406 2544 pecora
1420 2479 1494 2523 uos-

177 2575 245 2642 tra‚
266 2561 422 2630 dabimus
437 2559 531 2652 quod
545 2562 671 2628 iustum
687 2571 735 2627 est
742 2580 757 2645 ,·
771 2559 869 2626 mdla
884 2560 947 2626 erit
961 2559 998 2626 ia
1012 2562 1124 2650 pretio
1140 2559 1341 2652 disfierrltas
1360 2576 1493 2630 tantum

175 2669 335 2736 velociter
350 2683 563 2736 transeamus
584 2697 612 2734 a.

210 2865 311 2918 atara
329 2839 411 2916 ibit:
430 2865 486 2914 l2't
507 2863 554 2938 tiit
570 2865 621 2939 pt,
637 2863 743 2906 tantam
757 2870 813 2906 aaa
834 2857 943 2906 uerbum
962 2859 992 2906 ia
1012 2857 1125 2922 pedibas
1140 2860 1204 2908 meis
1225 2860 1355 2910 transibo.
1373 2860 1428 2911 Ubi
1442 2873 1494 2924 pro

176 2927 261 3004 mm
270 2949 332 2996 iit
343 2959 454 2997 rursum
464 2926 583 3005 t'lLtDm,
593 2946 741 3008 utrobique
753 2947 895 2996 vertentes
904 2960 989 3010 supra
1000 2953 1099 2996 montes
1112 2945 1154 3011 (ll.
1171 2949 1233 3009 Spr.
1248 2951 1349 2998 omittit
1359 2956 1414 3004 'th
1427 2954 1472 3030 ps
1486 2963 1491 2997 :

175 3037 261 3086 soltun
273 3036 385 3100 pedibas
400 3035 589 3093 transibimus,
602 3033 757 3098 eodemque
772 3033 869 3085 recidit
885 3035 957 3098 Vatp.
972 3048 1069 3085 vocam
1082 3035 1167 3084 solum
1181 3036 1215 3084 ad
1230 3040 1355 3086 extrema
1369 3038 1491 3087 trahens.

178 3125 284 3176 Sensus
298 3129 341 3174 est
357 3125 457 3174 tacitis.
479 3123 542 3173 Non
567 3138 578 3170 ι
602 3135 665 3172 cum
684 3122 863 3184 peditibus»,
881 3136 921 3172 sc.
938 3124 1053 3172 armatis
1074 3121 1152 3186 (llos.)
1176 3131 1370 3175 :armatorum
1390 3126 1492 3188 quippe

176 3215 282 3263 mentio
304 3213 398 3276 potius
422 3212 612 3275 suspicionem
635 3211 769 3260 movisset
788 3211 933 3260 Edomiiis.
951 3211 1014 3260 Non
1036 3227 1046 3258 r
1069 3210 1187 3274 portibus
1206 3229 1233 3272 r,
1249 3213 1268 3261 i.
1285 3226 1309 3263 e.
1331 3215 1392 3264 sine
1415 3226 1492 3263 mora

177 3301 269 3367 (Coi),
286 3315 350 3351 curn
365 3303 388 3350 ls
400 3313 456 3351 non
474 3302 511 3350 sit
531 3312 632 3350 sensus
652 3300 742 3358 vocis;
759 3299 808 3348 sed
826 3311 832 3346 :
848 3298 966 3361 pedibus
988 3303 1095 3348 tantum
1120 3307 1221 3349 terram
1236 3306 1358 3350 vestram
1370 3303 1493 3364 attinge·

176 3405 252 3450 mus,
269 3390 340 3439 nihil
360 3389 534 3449 auferemus,
551 3389 620 3438 nihil
639 3388 831 3438 retinebimus.
849 3387 967 3462 Verum,
985 3388 1053 3450 quid
1074 3388 1127 3438 sibl
1150 3389 1210 3439 vult
1234 3397 1289 3445 m
1313 3390 1377 3470 tta?
1400 3391 1494 3454 iungit

180 3481 237 3528 Vct.
255 3493 262 3526 .·
281 3494 292 3526 ι
310 3478 393 3529 modo
407 3491 465 3529 non
488 3479 524 3528 sit
538 3491 584 3528 res
604 3477 699 3538 aliqua
719 3475 838 3539 pedibus
860 3477 944 3536 meis,
961 3477 1100 3535 transib0;
1116 3477 1200 3528 modo
1221 3491 1256 3528 ne
1277 3479 1344 3542 quid
1360 3479 1494 3542 impediat

176 3569 324 3617 transitum
341 3583 365 3616 r.
382 3567 488 3624 Verba,
505 3567 529 3616 si
544 3567 598 3616 hoc
612 3577 697 3616 sensu
717 3570 812 3615 essent
828 3563 1004 3627 accipienda,
1022 3567 1118 3629 utique
1138 3566 1281 3617 Edcmitas
1300 3581 1317 3617 a
1331 3569 1413 3618 venia
1425 3581 1494 3620 con-

176 3655 300 3706 cedenda
319 3657 550 3715 absterruissent;
568 3655 740 3714 timuissent,
758 3665 793 3702 ne
809 3653 932 3714 ,Hebraei
953 3652 1062 3703 lacilius
1078 3670 1089 3702 r
1106 3655 1335 3720 impedimentum
1353 3673 1363 3705 r
1381 3657 1494 3722 aliquod

176 3744 342 3808 effingerent
357 3748 442 3807 atque
457 3743 531 3792 intra
545 3742 615 3793 lines
627 3745 833 3804 permanerent.
851 3741 963 3805 Reliqui
978 3743 1064 3805 igitur
1078 3757 1176 3795 omnes
1192 3745 1262 3795 duas
1276 3748 1416 3796 extremas
1430 3759 1495 3796 scn-

177 3835 281 3884 tentiae
295 3845 378 3883 voces
397 3834 526 3895 iungunt.
543 3831 638 3882 Chald.
655 3844 663 3878 :
680 3830 764 3879 solam
787 3830 894 3879 auitam
908 3831 1016 3880 uerbum
1035 3831 1135 3882 matam
1152 3847 1160 3881 r
1176 3834 1225 3883 scd
1244 3836 1366 3896 gratuito
1386 3835 1497 3884 additur

179 3934 232 3970 sax
248 3921 363 3982 matum,
379 3933 472 3984 neque
484 3921 642 3970 sententiae
657 3931 757 3968 sensus
772 3927 814 3969 est
827 3919 895 3968 satis
907 3919 1010 3969 clarus.
1028 3919 1098 3971 Cum
1110 3923 1295 3971 restrictirum
1309 3929 1345 4002 Ρη
1361 3927 1435 3971 certe
1451 3921 1494 3986 (ci.

177 4009 260 4060 Dent.
277 4009 349 4076 istit)
367 4022 453 4061 sensu
465 4008 606 4072 pertineat
620 4008 659 4057 ad·
671 4013 770 4066 mvn
784 3986 881 4067 ἡγῇ,
898 4020 952 4056 vox
972 4011 1019 4089 tta·
1034 4011 1158 4060 vertatur
1170 4013 1279 4072 oportet
1293 4011 1350 4058 sine
1367 4009 1428 4074 (iix.
1447 4010 1494 4067 n,

181 4099 224 4156 lt;
241 4099 299 4149 Ioel
318 4099 369 4164 l,6J
388 4111 394 4146 :
412 4105 530 4156 tantam,
547 4098 605 4146 siae
621 4096 713 4156 rerba,
730 4096 842 4160 pedibus
857 4096 1049 4155 transibimus,¹
1065 4100 1173 4147 tantum
1188 4098 1367 4148 transibimus
1382 4098 1497 4147 humum

178 4188 296 4250 pedibus
311 4189 496 4250 attingentes,
513 4187 637 4245 silentio,
654 4185 762 4234 nullum
774 4184 889 4234 edentes
901 4198 1010 4234 sonum.

224 4351 374 4419 Prudens
389 4351 552 4418 tamenin
567 4348 790 4437 generatione
805 4369 864 4414 sua
880 4369 938 4414 rex
951 4347 1067 4415 udam.
1083 4371 1115 4413 v.
1132 4355 1174 4414 20
1192 4377 1208 4410 u
1224 4352 1269 4415 Ar
1284 4350 1342 4416 ille
1360 4374 1496 4442 respou-

178 4457 252 4524 dit:
265 4462 344 4526 Noa
360 4457 531 4524 transibis.
549 4457 743 4545 Statimque
762 4476 915 4544 epressus
933 4465 981 4520 est
999 4453 1116 4520 obuius
1128 4477 1206 4521 cam
1222 4456 1361 4546 infinita
1380 4458 1496 4526 ntrrlti·

179 4563 298 4631 tudine
314 4576 345 4630 et
360 4587 467 4631 rauna
480 4562 571 4650 sorti
587 4591 617 4647 a,
640 4586 670 4629 v.
688 4567 727 4627 21
752 4588 767 4622 u
789 4583 849 4626 nee
871 4559 980 4626 eolrrit
998 4561 1210 4651 acquiescere
1228 4563 1439 4654 deprecanti,
1458 4580 1496 4632 ut

178 4671 376 4738 corteea'eret
401 4671 584 4737 transitum
604 4691 667 4758 per
689 4669 775 4756 fines
799 4687 896 4752 suos;
919 4669 1035 4757 [quam
1062 4667 1102 4734 etr
1124 4671 1206 4756 rem]
1230 4669 1368 4737 divertit
1392 4674 1433 4737 ab
1457 4697 1493 4740 eo

179 4778 288 4845 lsrael
303 4807 333 4845 a.
352 4777 533 4844 Obtinobat
545 4776 653 4863 igitur
664 4797 721 4841 ren
737 4774 842 4840 Edorn
855 4795 932 4841 cum
945 4773 1013 4842 suis
1026 4783 1177 4844 montem
1192 4775 1266 4843 Scir
1283 4782 1390 4867 titeut.
1409 4781 1492 4870 ists),
