3538 5404
708 423 784 468 uuu.
807 409 880 480 3,40
903 423 967 477 soe.
1457 415 1496 473 35

174 564 297 614 textibus
311 563 481 628 quandoque
496 563 614 614 consilio
626 562 725 612 mutati
737 573 800 612 esse
814 561 1060 624 deprehenduntur
1071 561 1114 630 ici.
1132 565 1202 616 Gen.
1220 567 1235 616 5
1251 569 1279 616 et
1297 566 1324 616 ll
1342 567 1496 618 secundum

175 652 261 704 Hebr.
279 653 355 704 Sam.
371 649 465 719 Lxx),
482 653 539 707 imo
554 651 628 702 adv.
647 650 873 712 tractabamus,
890 651 975 702 etlam
989 651 1024 701 ab
1038 651 1101 702 aliis
1115 655 1208 704 textus
1223 655 1423 706 mutationibus
1438 667 1495 706 non

172 753 285 806 semper
294 742 437 793 resiluisse
453 740 527 792 Sam.
541 739 625 792 Lllll.

462 960 595 1020 Eloquium
610 961 632 1007 4.
648 976 655 1006 ε
671 958 834 1020 Primogeuiti
848 963 1010 1008 numerantur
1024 959 1097 1006 Num.
1108 961 1212 1020 uitiati.

220 1135 387 1206 Absoluta
405 1137 587 1204 levitarum
607 1136 862 1217 numeratione,
882 1135 1016 1204 duobus
1039 1136 1201 1203 extremis
1222 1137 1366 1228 eloquiis
1390 1140 1497 1228 expli-

176 1251 231 1314 cat
254 1250 355 1326 Deus,
388 1242 559 1333 quomodo
585 1242 710 1309 levitae
739 1243 775 1309 in
808 1242 924 1310 locum
950 1242 1261 1332 primogenitorum
1283 1244 1498 1334 reliquarum

177 1351 330 1418 tribuum
348 1349 394 1440 (v.
418 1351 473 1440 12)
493 1348 698 1418 subintrent.
717 1353 770 1417 Sc.
788 1352 1006 1439 computatur
1020 1372 1053 1416 v.
1069 1355 1170 1417 lo-la
1188 1371 1354 1418 numerus
1368 1352 1499 1440 primo-

178 1459 374 1543 genitorum
399 1457 613 1547 reliquarum
637 1455 809 1539 tribuum,
838 1454 919 1522 dein
944 1479 976 1522 v.
1011 1459 1109 1524 tlt-51
1134 1455 1258 1523 levitae
1284 1462 1408 1524 uacuo
1432 1463 1499 1525 lieo
1541 1481 1545 1488 ·

178 1563 417 1632 attribuuntur
430 1585 494 1652 pro
515 1561 748 1652 redemptione
768 1561 913 1628 totidem
927 1561 1254 1651 primogenitorum,
1273 1561 1397 1654 reliqui
1419 1587 1500 1630 vero

179 1669 241 1760 qui
261 1675 443 1760 supersunt
461 1676 525 1735 273
546 1667 770 1758 primogeniti
790 1667 1008 1736 redimuntur
1026 1667 1141 1758 quiuis
1161 1668 1263 1737 siclis.
1291 1691 1322 1736 ν.
1348 1677 1389 1738 to
1417 1700 1432 1732 (ι
1455 1672 1501 1736 Et

177 1775 228 1842 eit
247 1776 413 1842 Dominus
434 1775 483 1842 ad
500 1777 642 1865 Moysen
662 1797 675 1840 .·
699 1776 852 1844 Numera
868 1775 1120 1866 primopenitas
1141 1798 1241 1842 seriis
1260 1775 1444 1844 neusculini
1459 1775 1500 1842 de

174 1881 261 1972 filiis
270 1883 378 1949 Israel
389 1885 431 1950 ab
442 1905 510 1978 urm
521 1904 635 1950 meme
647 1895 679 1948 et
690 1903 812 1972 supra,
826 1893 859 1948 et
874 1881 1009 1948 babebis
1019 1903 1188 1948 summam
1198 1903 1317 1950 eorum
1327 1909 1358 1949 n.
1372 1885 1472 1950 Hebe.
1487 1904 1501 1948 .·

178 2002 211 2056 et
226 1989 307 2057 tolle
321 2012 501 2056 numerum
516 1988 695 2056 nominum
710 2007 848 2072 eortina·
865 1988 919 2054 fac
937 1989 1121 2055 elenchum
1140 1989 1336 2072 nominum,
1358 1994 1392 2056 et
1406 2011 1446 2055 ex
1460 2011 1500 2056 eo

177 2117 360 2164 numerum
377 2095 690 2184 primogenitorum
710 2100 869 2184 supputa.
884 2093 939 2162 uf.
958 2117 1047 2184 quae
1066 2095 1111 2161 ad
1131 2117 1164 2161 v.
1184 2101 1225 2162 15
1243 2095 1444 2162 dicebamus
1458 2095 1500 2162 de

178 2203 290 2269 levitis
306 2201 504 2270 nominibus
522 2200 592 2268 suis
610 2200 839 2270 recensendis.
857 2223 890 2266 v.
915 2205 955 2268 tl
976 2229 992 2262 α
1012 2200 1185 2291 Tollesquc
1203 2201 1320 2268 leuitas
1335 2201 1424 2268 miti
1436 2225 1500 2292 pro

179 2308 274 2376 omni
294 2307 531 2398 primopenito
551 2306 708 2397 filiorum
731 2306 849 2374 Israel.
876 2307 952 2396 Epo
978 2308 1075 2395 [erun]
1103 2307 1280 2374 Dominus.
1309 2309 1355 2374 Et
1374 2329 1500 2398 pecora

179 2436 295 2483 eorum
317 2437 383 2504 pro
407 2413 573 2481 universis
590 2412 834 2504 priniopenitis
854 2435 1020 2502 pecorum
1037 2412 1192 2502 filiorum
1215 2413 1323 2480 Israel
1344 2441 1374 2480 n.
1398 2403 1431 2480 u.
1457 2420 1500 2482 ib

180 2549 195 2582 u
215 2521 398 2590 Recensuit
419 2525 573 2610 Moyses,
594 2513 684 2587 sicat
697 2531 921 2610 praeceperat
942 2519 1125 2602 Dominus,
1141 2519 1390 2610 primopenitos
1410 2519 1500 2610 fitio-

178 2648 256 2694 rum
272 2628 381 2696 Israel
395 2655 411 2690 u
419 2681 430 2715 ,
446 2650 479 2695 v.
493 2633 534 2696 t3
547 2653 563 2689 u
579 2639 612 2694 et
624 2627 768 2716 suerum
784 2625 929 2693 iecusculi
936 2647 1002 2717 per
1016 2625 1160 2693 bairaina
1173 2649 1252 2712 secu,
1270 2649 1293 2694 a
1306 2649 1420 2696 mense
1431 2649 1499 2695 uno

178 2746 211 2800 et
230 2755 353 2824 supra,
368 2734 497 2824 cipiuti
516 2733 584 2800 cleta
597 2731 712 2800 millia
731 2731 872 2800 diluenti
890 2731 1113 2823 septuupinta
1125 2746 1191 2800 tres
1207 2761 1236 2800 ».

213 2952 312 3003 Pacoro
325 2965 383 3003 non
397 2955 580 3002 numerantur
600 2947 700 3016 (lau).
721 2949 857 3001 Rationes
867 2929 999 3012 ¹assignat
1011 2949 1099 3014 selu,
1113 2949 1189 3014 quod
1202 2949 1343 3000 difficilius
1357 2950 1500 3002 discerno-

177 3041 281 3091 bantur
292 3040 478 3104 primogenita
492 3051 638 3106 pecorum,
658 3044 685 3089 et
699 3038 777 3104 quod
790 3039 877 3090 vellet
891 3037 968 3090 Deus
981 3037 1139 3100 declarare,
1155 3051 1187 3089 se
1199 3039 1288 3105 pluris
1302 3037 1394 3090 lacere
1408 3040 1500 3090 homi·
1603 3055 1609 3066 ·

181 3141 234 3180 nes
248 3141 332 3193 quam
344 3141 454 3194 pecora.

314 3347 445 3408 Eloquium
458 3347 481 3394 5.
497 3361 503 3393 :
518 3345 621 3394 Levitae
634 3345 660 3391 in
674 3345 757 3392 locuni
772 3343 993 3405 primogenitorum
1009 3343 1169 3392 sufficiuntur
1179 3345 1252 3392 Num.
1266 3345 1369 3404 3‚it-tl.

223 3559 257 3604 v.
280 3539 322 3603 ti
336 3561 352 3596 u
368 3535 585 3622 baculusque
600 3543 650 3598 est
661 3529 829 3596 Doirzinus
849 3528 1046 3620 adbiopscn
1063 3527 1183 3597 dicens
1200 3557 1216 3591 n
1239 3553 1248 3598 :
1268 3552 1302 3596 v.
1318 3536 1360 3600 ts
1377 3557 1392 3592 u
1408 3531 1499 3598 Tolle

182 3643 300 3710 leuitas
316 3663 379 3732 pro
392 3636 635 3730 primoqenitis
651 3636 805 3726 filiarum
823 3634 945 3720 lsrael,
967 3648 1000 3702 et
1018 3657 1144 3725 pecora
1161 3634 1343 3703 levitarum
1356 3659 1422 3728 pro
1436 3659 1499 3728 pc-

182 3749 314 3816 coribus
336 3769 471 3830 corium,
496 3757 664 3833 errantque
690 3741 812 3810 levitae
837 3743 916 3810 mei.
937 3745 1012 3831 Epo
1037 3743 1135 3832 [sum]
1159 3743 1326 3810 Dominus
1348 3772 1378 3810 u.
1403 3768 1435 3811 v.
1458 3751 1500 3810 lo

182 3886 198 3918 ιι
235 3858 277 3922 Iu
305 3853 416 3944 pretio
445 3864 561 3918 autem
593 3849 819 3918 ducentorum
849 3849 1072 3938 septuupinta
1101 3847 1223 3934 trium,
1247 3850 1309 3941 qui
1332 3849 1500 3918 euccdunt

181 3959 395 4048 [numerum]
423 3957 603 4026 levitarum
638 3955 679 4022 dc
708 3954 951 4046 primopenitis
976 3956 1130 4044 filiorum
1159 3955 1267 4023 Iuacl
1294 3983 1329 4043 a,
1357 3957 1499 4045 (sauia

179 4107 225 4118 —
243 4074 368 4135 uuooo
389 4097 430 4122 =
450 4065 541 4150 273),
564 4086 596 4129 v.
613 4067 655 4129 t'i
668 4091 684 4124 u
706 4061 853 4152 accipies
872 4061 1025 4152 quinque
1036 4061 1137 4130 siclos
1144 4085 1212 4152 per
1228 4060 1370 4150 sinpulu
1386 4061 1501 4153 capitu

180 4173 229 4242 ad
238 4195 436 4241 mensurum
449 4168 644 4238 surietuarii
665 4195 695 4255 a,
710 4168 810 4236 siclos
825 4167 986 4258 ponderis
1001 4167 1246 4237 accuratissimi
1262 4167 1321 4256 (cf.
1339 4190 1427 4257 quae
1447 4168 1500 4235 di-

180 4281 343 4350 cebamus
365 4278 409 4347 ad
425 4284 481 4346 Ex.
500 4282 620 4360 30,i3;
638 4274 792 4366 quinque
819 4274 891 4342 sicli
914 4274 1052 4363 argenti
1071 4275 1190 4343 valore
1209 4274 1406 4364 aequabant
1429 4277 1500 4343 iere

182 4395 223 4457 u
238 4389 280 4454 ir.
301 4389 368 4472 65).
393 4413 409 4446 «
431 4383 544 4452 Siclus
564 4382 662 4449 trahet
677 4381 806 4470 vipinti
819 4381 932 4448 obolos
948 4409 964 4444 u
985 4383 1040 4470 (ci.
1063 4381 1142 4471 ib).
1164 4381 1376 4448 Sententioia
1389 4381 1502 4471 potuit

181 4495 270 4562 vela
291 4499 355 4562 ileo
375 4491 539 4582 proferri,
559 4488 615 4556 vel
639 4511 660 4554 a
674 4493 782 4576 lloyse
802 4488 856 4554 vel
878 4511 899 4555 a
922 4489 1111 4555 recentiore
1133 4487 1249 4577 aliquo
1265 4486 1502 4578 explicationis

182 4602 296 4692 gratia
316 4597 478 4668 adscribi.
498 4620 530 4662 v.
553 4602 595 4663 t8
619 4624 635 4658 «
658 4594 829 4685 Dabisque
845 4594 1034 4684 peccuniam
1053 4595 1170 4661 Aaron
1187 4607 1219 4661 et
1232 4594 1318 4684 filiis
1338 4595 1411 4662 eius
1423 4617 1501 4686 pre-

183 4707 272 4776 tium
291 4727 423 4789 eurtum,
442 4701 504 4790 qui
520 4720 624 4792 scurra
640 4714 720 4768 sulit
737 4729 768 4769 r.

226 4815 384 4881 Divinum
407 4809 607 4878 mandatum
632 4808 839 4876 exsecutioni
859 4807 1055 4875 mandatur.
1074 4809 1127 4876 uti
1142 4815 1244 4876 antee
1257 4829 1410 4876 summae
1431 4814 1501 4876 tra-
