3522 5410
252 361 270 418 2
806 373 1020 418 inracnocrio.

250 516 364 594 erant,
387 509 575 590 bonorum,
598 513 672 574 tum
696 510 838 575 horrore
860 506 1159 574 incommodorum
1182 506 1221 572 in
1251 508 1384 575 deserto
1403 513 1581 600 perferen-

255 615 390 684 dorum.
411 616 541 704 Populo
560 615 791 681 murmuranti
809 635 937 683 manna
960 612 1159 680 conceditur
1176 613 1214 680 in
1237 613 1369 682 deserto
1393 619 1467 701 Sin,
1489 642 1580 710 aqua

257 722 299 788 de
319 745 403 813 rupe
424 721 537 789 elicita
560 720 598 787 in
617 720 813 810 Rephidim.
837 721 900 788 Ubi
919 720 1023 787 etiam
1042 719 1250 786 Amalecitac
1271 720 1476 806 funduntur,
1493 730 1577 794 ale-

256 829 379 896 throne
405 850 519 895 socero
543 833 668 915 Moyses
692 828 787 894 uxori
811 826 1065 910 reconciliatur,
1094 826 1154 914 qui
1174 827 1275 913 Moysi
1302 833 1422 895 auctor
1445 837 1512 915 est,
1544 840 1581 900 ut

259 935 451 1002 constitutis
477 934 689 1017 chiliarchiS,
717 932 990 1014 centurionibus,
1025 931 1164 1000 decanis
1185 939 1219 999 et
1246 934 1395 1002 nimium
1423 936 1580 1014 lahorem

254 1043 408 1110 sublevet
421 1047 454 1108 et
464 1062 560 1109 suam
573 1041 610 1106 in
626 1041 794 1131 populum
807 1039 1045 1108 auctoritatem
1056 1039 1247 1106 confirmet.
1260 1042 1410 1109 Tandem
1425 1043 1468 1109 ad
1483 1067 1581 1112 uton-

254 1155 323 1216 tem
343 1148 435 1215 Sinai
457 1148 611 1215 declarat
635 1147 737 1215 Iahve
759 1167 856 1214 suam
875 1147 1084 1213 voluntatem
1108 1144 1280 1212 statuendi
1304 1149 1447 1215 cumeis
1469 1151 1578 1240 pacti,

255 1278 322 1345 quo
340 1255 423 1345 ipsi,
449 1254 477 1321 si
505 1254 676 1321 mandatis
700 1254 773 1321 eius
791 1252 1037 1342 obsequantur,
1066 1252 1134 1318 sint
1153 1252 1301 1342 populus
1323 1255 1396 1321 eius
1423 1262 1577 1337 sanctus,

251 1383 358 1448 regno
377 1367 410 1428 et
425 1361 614 1428 sacerdotio
630 1383 650 1426 a
664 1361 767 1426 lahve
782 1358 999 1426 instituendis
1016 1358 1221 1442 honorandi.
1244 1359 1310 1426 Sed
1325 1361 1428 1448 Moysi
1443 1362 1579 1430 dudum

250 1467 375 1535 intensi
393 1468 546 1549 fuerant,
565 1467 624 1557 qui
643 1466 733 1533 inter
751 1467 921 1534 Hebraeos
936 1465 1095 1546 aderant,
1118 1465 1252 1554 antiqui
1269 1466 1399 1534 ordinis
1416 1469 1581 1536 sacerdo-

250 1579 311 1642 tes.
330 1580 438 1652 Quare
450 1575 579 1640 Iactum
596 1578 662 1652 cst,
682 1579 720 1639 ut
734 1573 769 1639 in
790 1593 919 1658 magna
934 1572 996 1638 illa
1011 1577 1066 1639 Ex.
1087 1577 1127 1637 19
1150 1573 1366 1662 theophania
1380 1580 1451 1641 tam
1466 1597 1580 1642 sacer-

252 1681 348 1748 dotes
366 1680 419 1746 illi
440 1702 546 1770 quam
558 1679 723 1770 populus,
742 1678 927 1768 quominus
939 1678 1080 1768 propius
1100 1679 1144 1744 ad
1160 1677 1288 1745 Iahven
1309 1680 1522 1763 accederent,
1545 1703 1579 1747 sc

253 1787 499 1854 excusaverint.
515 1787 616 1852 Iahve
632 1793 746 1852 autern
762 1785 969 1871 decalogum
985 1785 1153 1874 profatur,
1172 1807 1313 1851 suorum
1332 1787 1579 1854 mandatorum

257 1893 412 1960 omnium
427 1891 687 1984 compendium;
701 1891 818 1980 aliqua
833 1891 905 1959 eius
920 1890 1083 1957 mandata
1096 1890 1241 1980 explicat
1260 1898 1295 1957 et
1309 1892 1474 1982 complet,
1492 1916 1580 1983 quac

254 2000 471 2089 postmodum
488 2005 611 2086 Moyses
630 1997 745 2065 retulit
758 1999 794 2064 in
811 1997 949 2064 Librum
964 1995 1131 2063 Foederis.
1149 2002 1189 2063 ln
1198 1997 1253 2064 his
1266 1997 1381 2084 legem
1397 2000 1503 2067 tradit
1517 2005 1575 2067 Ex.

253 2111 417 2187 hodi-26
433 2105 477 2171 de
493 2105 586 2172 cultu
608 2105 725 2172 divino
745 2103 933 2171 seeundum
948 2105 1053 2170 ritum
1070 2125 1089 2168 a
1109 2103 1264 2192 patribus
1283 2112 1462 2196 acceptum
1480 2128 1577 2174 reve-

255 2217 370 2279 renter
383 2212 598 2303 peragendo,
619 2232 708 2301 quac
729 2210 784 2276 lex
802 2209 958 2277 instituto
978 2209 1077 2276 brevi
1092 2215 1167 2299 post
1188 2211 1282 2278 cultu
1308 2212 1455 2279 mosaico
1476 2213 1579 2280 abro-

253 2318 402 2406 gabatur
416 2319 471 2407 (ct.
494 2323 611 2384 tamen
626 2341 681 2394 ea,
702 2340 791 2406 quae
813 2319 892 2384 CEL
909 2338 944 2405 p.
965 2320 1031 2382 212
1050 2315 1280 2407 dicebamus);
1298 2323 1353 2386 Ex.
1378 2325 1578 2402 alx-2333

257 2425 414 2514 antiquas
427 2420 643 2514 potissimum
657 2424 700 2490 de
715 2423 835 2504 servis,
853 2423 895 2490 de
911 2423 1063 2513 corporis
1074 2423 1302 2502 laesionibus,
1322 2426 1365 2491 de
1380 2425 1580 2492 damnifica·

254 2531 345 2597 tione
376 2535 439 2597 etc.
472 2531 565 2616 leges
595 2536 749 2596 renovat.
783 2534 888 2606 Quem
916 2529 1055 2596 Librum
1086 2529 1244 2596 Foederis
1277 2530 1420 2596 solemni
1450 2529 1580 2597 claudit

258 2635 397 2726 epilogo
423 2641 561 2724 Moyses.
598 2636 727 2702 Foedus
766 2635 905 2701 tandem
943 2641 1172 2715 consummat,
1209 2633 1364 2702 adductis
1395 2657 1510 2703 secum
1543 2636 1579 2703 in

259 2750 479 2831 conspectum
496 2742 597 2810 Iahve
618 2741 835 2831 septuaginta
853 2741 1061 2822 senioribus,
1079 2745 1113 2806 et
1131 2741 1212 2808 novi
1226 2740 1375 2808 foederis
1392 2743 1516 2810 futuris
1528 2765 1580 2809 sa-

257 2847 469 2928 cerdotibus,
488 2872 558 2915 non
576 2872 658 2915 vcro
675 2847 910 2915 sacerdotibus
929 2846 1053 2914 veteris
1075 2846 1220 2914 ordinis.
1242 2847 1442 2915 Conscendit
1459 2855 1579 2938 postea

255 2961 407 3022 montem
426 2961 551 3042 Moyses
569 2955 678 3038 solus,
701 2962 803 3044 atque
824 2953 872 3020 ib.
894 2953 1126 3042 quadraginta
1145 2952 1217 3020 dies
1240 2962 1471 3022 commoratus
1492 2957 1576 3023 edo-

256 3068 388 3130 cetura
409 3063 511 3129 Iahve
537 3061 618 3129 novi
642 3060 830 3128 sanctuarii
848 3059 1137 3128 constructionem
1157 3060 1444 3152 sacerdotumque
1461 3084 1578 3130 conse-

255 3168 461 3250 crationem,
480 3190 568 3258 quae
582 3167 798 3257 postmodum
814 3165 888 3256 ipse
903 3166 1052 3233 fideliter
1067 3172 1245 3234 exsecutus
1260 3173 1322 3234 est.
1344 3170 1480 3234 Interim
1498 3191 1578 3236 vero

254 3275 290 3342 in
314 3277 447 3356 cestrie,
473 3274 706 3342 sacerdotibus
730 3272 974 3364 praemosaicis
997 3271 1276 3360 insIIgatoribuS,
1298 3274 1410 3341 oritur
1436 3275 1575 3357 seditio,

252 3382 431 3449 conticItur
445 3381 573 3449 vitulus
590 3403 731 3461 aureuS,
753 3382 790 3447 in
805 3381 904 3465 cujus
919 3379 1085 3446 honorem
1102 3380 1226 3447 laetam
1248 3382 1395 3470 populus
1414 3382 1577 3448 solemni-

254 3494 359 3555 tatem
374 3487 532 3555 celehrat.
553 3488 670 3554 Redux
685 3509 765 3554 vero
781 3486 963 3576 inopinato
984 3485 1027 3552 de
1047 3491 1163 3553 monte
1175 3491 1301 3573 Moyses
1315 3488 1444 3555 Levites
1464 3509 1578 3555 arma-

250 3601 303 3661 tos
324 3617 387 3684 pcr
407 3592 559 3660 medium
579 3601 768 3660 castrorum
793 3591 913 3674 mIttit,
931 3591 992 3659 ubi
1012 3593 1104 3659 circa
1127 3597 1225 3660 vetus
1243 3593 1506 3661 tabernaculum
1524 3616 1578 3661 sa-

254 3701 408 3768 cerdotes
425 3700 475 3766 illi
497 3699 654 3767 convitia
675 3706 708 3766 et
733 3698 870 3786 vigilias
889 3699 1154 3789 protrahebant,
1173 3721 1298 3788 eosque
1318 3701 1525 3768 temulentos
1545 3706 1579 3768 et

252 3805 400 3874 inermes
412 3806 560 3873 conficit.
578 3807 661 3872 Dein
672 3806 797 3873 iterata
813 3805 1062 3896 supplicatione
1075 3811 1204 3893 Moyses
1219 3805 1345 3872 lahvcn
1362 3805 1491 3894 placat,
1514 3828 1577 3873 no-

252 3935 310 3980 vas
326 3913 370 3980 ab
385 3937 424 3980 co
440 3912 681 3980 mandatorum
697 3912 833 3979 tabulas
848 3911 1027 4002 impetrat,
1048 3911 1168 3979 foedus
1182 3913 1365 3979 instaurat.

297 4025 467 4088 Novorum
488 4018 704 4086 sacerdotum
733 4018 979 4088 consecrationi
1000 4017 1231 4107 praemittitur
1251 4019 1364 4085 Ihora
1384 4020 1576 4088 Sacrificio-

252 4147 329 4194 rum
345 4133 421 4194 Lev.
442 4133 507 4206 1-7,
530 4126 612 4215 quia
630 4125 667 4192 in
685 4125 761 4215 ipsa
779 4147 899 4192 eorum
922 4125 1174 4192 consecratione
1194 4125 1291 4191 varia
1305 4126 1471 4194 sacrificia
1490 4129 1572 4194 olte-

253 4233 360 4300 renda
379 4237 488 4300 erant.
505 4232 709 4299 Solemnitas
732 4231 956 4300 dedicationis
972 4231 1160 4298 sanctuarii
1177 4230 1325 4298 duorum
1343 4231 1572 4301 neosacerdo-

252 4346 342 4422 tum,
359 4339 418 4428 qui
432 4339 549 4426 ignem
569 4339 756 4428 profanum
776 4337 963 4406 thuribulis
982 4338 1235 4427 imposuerant,
1254 4344 1450 4427 portentosa
1464 4344 1574 4408 morte

251 4445 480 4535 abrumpitur.
509 4450 709 4513 Inserantur
734 4466 813 4512 mox
844 4446 958 4511 Thora
980 4442 1152 4510 Munditiei
1178 4449 1254 4512 Lev.
1286 4452 1385 4513 11-15
1409 4451 1442 4511 et
1465 4447 1577 4514 Thera

253 4552 447 4621 Sanctitatis
460 4557 538 4619 Lev.
556 4557 673 4636 18-22,
686 4575 775 4642 quaa
790 4551 1004 4618 sanctitatem
1016 4555 1207 4633 externam,
1224 4550 1396 4618 interioris
1406 4551 1570 4634 indicem,

250 4659 440 4744 inculcant,
463 4683 483 4726 a
502 4659 691 4726 cultoribus
714 4659 815 4726 lahve
840 4653 1100 4724 observandam.
1126 4662 1217 4724 Inter
1236 4663 1417 4746 utramque
1437 4658 1572 4725 theram

251 4765 412 4834 inseritur
436 4765 586 4855 primum
607 4765 661 4832 lex
685 4763 728 4832 de
751 4761 965 4833 solemnitate
984 4785 1099 4830 annua
1124 4764 1342 4853 expiationis,
1360 4787 1450 4852 quae
1475 4787 1574 4832 occa-
