3522 5396
702 416 775 461 nun.
798 401 891 476 33,i8
913 416 976 468 soe.
1424 395 1496 454 ·363

180 547 331 616 Thebaite
351 549 584 616 castrametati
604 561 685 616 sent
708 551 745 617 in
765 549 872 618 There
896 579 927 616 n.
954 571 987 618 v,
1011 552 1096 616 28'«
1125 544 1219 613 Unde
1244 545 1371 634 epressi
1389 545 1497 633 fieere

177 656 326 723 tentorio
341 655 378 722 in
393 655 527 722 Matheo
546 683 576 720 n.
593 678 627 724 v.
646 659 688 724 39
704 683 720 718 a
735 659 782 724 Ei
801 655 843 724 de
861 655 995 724 Mettica
1014 651 1250 724 castrametati
1262 663 1344 719 sunt
1364 650 1401 717 in
1415 653 1500 718 Hes·
1526 719 1528 722 ,

178 786 280 830 anona
306 790 336 828 a.
361 785 394 831 v.
416 768 458 829 30
483 789 499 824 a
525 763 744 852 Profectique
763 763 805 830 de
829 767 1002 830 Haemona
1025 771 1190 828 venerunt
1213 760 1250 826 in
1273 758 1441 825 Moserotb
1467 785 1496 841 n,

178 892 267 961 quae
281 869 501 936 videturesse
517 868 634 936 eadem
656 868 914 960 atque'Mosaro
929 875 1025 936 Dent.
1046 874 1135 951 10‚6.
1154 889 1186 936 v.
1204 873 1244 933 31
1265 894 1280 926 «
1298 867 1343 930 Et
1362 864 1403 931 de
1422 867 1500 931 Mo-

178 978 289 1044 serati
313 975 549 1043 castrametati
566 988 647 1042 sunt
666 975 703 1044 in
723 977 943 1044 Beneioacan
969 1004 998 1060 n,
1025 997 1085 1043 seu
1107 972 1230 1042 Beroen
1252 975 1343 1039 Bene
1369 972 1498 1038 lacoon

181 1085 291 1174 (Dent.
312 1082 857 1170 10,6),iontesfiliorumiaacan;
875 1087 991 1152 {eacan
1005 1087 1120 1149 autem
1134 1080 1226 1170 (Gen.
1244 1084 1363 1160 36,27;
1385 1086 1400 1145 1
1418 1082 1494 1146 Par.

181 1190 272 1280 133)
287 1209 415 1257 nomen
435 1195 484 1256 est
502 1189 677 1257 cuiusdam
696 1190 848 1258 familiae
868 1189 1078 1258 Seiritarum.
1097 1186 1190 1255 Unde
1207 1185 1269 1253 illo
1286 1186 1427 1253 nomine
1446 1183 1499 1251 m’-

180 1298 304 1365 demur
317 1295 465 1383 relegari
485 1318 593 1387 prope
608 1296 694 1363 fines
708 1296 953 1364 Edomitarum.
971 1319 1003 1363 v.
1025 1301 1068 1362 32
1092 1323 1109 1356 u
1132 1293 1351 1382 Profectique
1373 1291 1414 1358 de
1436 1295 1502 1358 Be-

180 1404 350 1472 nea'aaean
367 1415 533 1470 venerunt
551 1402 589 1470 in
603 1416 754 1470 montem
777 1402 926 1494 Gadqnd
944 1432 973 1469 n.
991 1407 1087 1470 Dent.
1109 1407 1187 1482 tui
1207 1405 1241 1468 et
1255 1404 1344 1468 Sam.
1364 1413 1494 1465 utitin-

181 1534 213 1578 v.
231 1517 272 1578 33
295 1538 310 1572 ιι
337 1509 428 1577 Unde
444 1508 593 1600 profecti
610 1511 847 1578 castrametati
862 1523 942 1576 sunt
967 1509 1005 1576 in
1027 1506 1200 1576 ietebatha
1219 1534 1251 1592 a,
1276 1534 1292 1567 n
1312 1511 1403 1574 terra
1427 1512 1502 1573 tor-

183 1617 331 1685 rentium
349 1638 517 1707 aquarum
533 1645 549 1676 n
570 1617 679 1706 (Dent.
697 1617 802 1707 1⁰‚7)·
818 1640 851 1684 v.
870 1622 911 1684 33
929 1643 946 1678 «
963 1619 1006 1683 Et
1022 1614 1063 1682 de
1079 1613 1253 1681 ietebatha
1272 1612 1491 1680 venerantia

182 1735 341 1800 Hebroao
356 1759 385 1798 n.
401 1755 434 1798 v.
452 1739 494 1800 35
511 1759 527 1794 n
543 1733 745 1822 Eqressique
760 1731 802 1799 de
817 1731 974 1799 Hebrona
988 1728 1222 1798 castrametati
1232 1740 1313 1796 sunt
1328 1729 1365 1794 in
1381 1728 1502 1795 Asian-

181 1839 286 1929 qober
302 1869 332 1924 »,
352 1839 412 1930 qui
427 1844 500 1906 erat
512 1844 632 1929 portus
645 1840 683 1906 in
696 1859 833 1906 summo
848 1839 931 1907 Sinu
943 1837 1129 1905 Aelanitico
1147 1858 1155 1905 :
1173 1840 1269 1904 Dent.
1285 1841 1360 1918 a,8;
1378 1842 1397 1902 3
1413 1839 1500 1922 Reg.

181 1953 280 2030 9363
302 1952 421 2029 33,39;
446 1952 559 2013 2Par.
585 1952 680 2029 8,1'i;
705 1951 823 2029 2036.
847 1967 878 2010 v.
901 1951 944 2011 33
968 1973 984 2008 «
1007 1942 1091 2010 Inde
1108 1942 1257 2033 profecti
1275 1955 1441 2009 uenerunt
1463 1941 1499 2006 in

184 2051 354 2119 desertam
369 2053 453 2133 Sin,
468 2052 549 2120 daec
567 2064 617 2120 est
634 2051 741 2121 Gades
760 2080 790 2119 n.

221 2241 343 2294 Gumbis
357 2244 477 2307 primum
489 2243 665 2295 conioramus
677 2246 789 2308 oportet
802 2228 884 2294 Dent.
899 2241 960 2301 tae
971 2255 1014 2306 sq.
1028 2253 1034 2290 :
1048 2258 1060 2290 r
1073 2239 1136 2291 Filii
1146 2243 1240 2291 autem
1252 2238 1340 2290 Israel
1352 2241 1505 2288 movemnt

183 2337 276 2384 castra
290 2345 325 2383 ex
340 2331 444 2384 Berotb
459 2331 580 2383 tiliorum
595 2333 696 2382 iaaean
711 2333 740 2382 in
755 2331 874 2392 Mosera,
887 2332 935 2382 ubi
950 2333 1045 2382 Aaron
1059 2335 1186 2380 mortuus
1198 2340 1231 2379 ac
1245 2327 1373 2391 sepultus
1389 2327 1440 2388 est,
1452 2337 1504 2389 pro

184 2434 241 2484 quo
255 2421 411 2472 sacerdotio
423 2420 533 2472 iunctus
548 2423 591 2472 est
603 2421 720 2472 Eleazar
734 2419 808 2474 tilius
823 2422 892 2470 eius.
910 2420 979 2470 Inde
993 2425 1130 2470 venerunt
1140 2419 1170 2468 in
1179 2416 1309 2480 Gadgad,
1322 2417 1357 2467 de
1371 2428 1427 2481 quo
1439 2415 1502 2465 ioco

186 2509 301 2573 proiecti
316 2512 505 2562 castrametati
519 2511 585 2561 sunt
599 2512 628 2559 in
641 2509 799 2570 ietebatha,
817 2511 845 2558 in
865 2513 938 2560 terra
957 2504 1092 2572 aquaruin
1111 2508 1276 2558 torrentium
1293 2521 1317 2555 n.
1333 2505 1390 2564 Qui
1407 2508 1501 2555 textus

185 2601 281 2648 nostro
293 2600 381 2649 textui
395 2599 570 2659 contradicit,
582 2601 701 2662 primum
717 2597 792 2663 quod
806 2599 863 2649 alio
877 2598 975 2648 ordine
992 2597 1128 2648 stationes
1142 2594 1286 2647 enumeret
1304 2591 1500 2661 (Boneiaacan,

185 2686 303 2746 Mosam,
319 2687 444 2751 Gadgad„
462 2687 620 2748 ietebatha;
638 2700 654 2738 e
670 2693 767 2738 contra
777 2688 861 2738 Num.
878 2686 911 2738 33
926 2686 1077 2746 Moserotir,
1095 2686 1280 2745 Beneiaaean,
1293 2681 1421 2746 (tadgad,
1434 2682 1504 2734 iete-

184 2775 295 2840 batha),
309 2777 484 2841 potissimum
496 2789 564 2828 vero
577 2777 652 2842 quod
665 2778 784 2829 aaronis
799 2781 917 2828 mortem
936 2776 1069 2827 attribuat
1081 2774 1196 2826 stationi
1210 2774 1317 2839 primae
1331 2775 1395 2838 post
1410 2773 1502 2822 Bene-

186 2866 298 2926 iaacan,
312 2867 407 2917 noster
424 2871 517 2917 textus
532 2873 637 2918 aexme.
655 2865 759 2917 Verum
774 2865 856 2917 Deut.
877 2864 936 2927 iae
951 2878 993 2929 sq.
1011 2864 1124 2916 indubie
1139 2863 1271 2927 leguntur
1284 2861 1347 2912 loco
1361 2875 1418 2912 non
1431 2873 1503 2921 suo,

185 2953 323 3005 violenter
346 2956 551 3019 interrumpunt
574 2956 764 3006 narrationem
785 2954 820 3005 de
843 2955 938 3016 Moyse
962 2953 1071 3004 tabulas
1096 2956 1226 3003 emonte
1248 2949 1326 3000 Sinai
1344 2949 1502 3008 deterente;

186 3045 278 3094 sintne
293 3045 415 3094 auctoris
430 3045 557 3108 inspirati
576 3046 746 3106 ignoramus.
763 3043 881 3094 Tantum
898 3047 955 3092 tam
972 3047 1132 3105 suspectum
1152 3039 1277 3105 proiecto
1291 3051 1348 3089 non
1363 3036 1505 3102 praeiere-

187 3143 249 3182 mus
262 3133 430 3182 testimoniis
444 3132 682 3184 consentientibus
698 3132 783 3182 Num.
801 3130 881 3190 3338
897 3129 1017 3190 etauio
1033 3142 1095 3194 sqq.

231 3319 330 3382 Num.
355 3321 579 3398 10,1a;13,1.
601 3319 643 3379 ai
659 3313 892 3381 edocebamur
906 3313 949 3379 de
968 3311 1086 3380 eastris
1100 3309 1217 3402 positis
1235 3311 1271 3376 in
1289 3310 1426 3376 Pharan
1443 3311 1506 3374 Ca·

179 3423 303 3490 desem
325 3442 456 3500 versus3
480 3420 541 3488 sed
562 3421 696 3488 Pharan
718 3425 857 3487 nonest
878 3441 1003 3487 nomen
1026 3417 1127 3488 unius
1146 3416 1322 3486 cuiusdam
1343 3416 1428 3496 loci,
1444 3414 1503 3481 sed

188 3531 313 3598 deserti
333 3529 399 3596 late
421 3527 584 3619 patentis3
612 3526 723 3618 potuit
742 3527 849 3613 igitur
871 3527 978 3616 ipsius
999 3524 1084 3608 loci,
1105 3525 1141 3592 in
1163 3547 1231 3615 quo
1256 3526 1367 3590 castra
1388 3523 1503 3604 fuere,

188 3657 313 3703 nomen
337 3657 409 3702 esse
431 3634 585 3703 aetina.
612 3633 803 3702 Videndum
829 3654 943 3724 porro,
970 3632 1208 3700 habeanturne
1225 3632 1315 3697 forte
1333 3631 1371 3697 in
1392 3635 1506 3696 nostro

188 3742 332 3810 elencho
362 3740 504 3828 vestigia
527 3741 643 3831 aliqua
667 3745 852 3808 eventuum
878 3743 976 3806 Num.
1003 3744 1043 3805 13
1068 3760 1143 3828 sqq.
1166 3737 1275 3825 igitur
1305 3742 1405 3819 flulti)
1427 3757 1504 3825 sqq.

188 3869 365 3939 suscepere
384 3847 526 3916 Hebraei
544 3846 686 3937 quidam
701 3845 951 3937 expeditionem
969 3846 1005 3913 in
1019 3853 1181 3912 montana
1196 3841 1431 3912 meridionalis
1446 3846 1507 3907 Pa-

187 3955 363 4037 laestinae,
388 3953 554 4044 equibus
580 3975 690 4044 neque
717 3975 796 4020 arca
816 3952 954 4020 videtur
977 3952 1096 4042 procul
1118 3950 1265 4018 abfuisse
1287 3946 1508 4036 habebatque

188 4064 329 4130 fortasse
351 4061 533 4128 stationem
554 4060 590 4128 in
612 4072 724 4127 monte
743 4059 873 4150 Sapires·
895 4080 928 4126 v.
952 4065 1007 4126 33.
1032 4057 1113 4126 lade
1137 4054 1335 4125 recesserint
1362 4052 1505 4120 Hebraei

190 4173 349 4236 Hermam
366 4168 481 4258 (1335
497 4205 540 4218 -
553 4167 669 4256 nuto),
683 4165 777 4256 quod
791 4187 918 4234 nomen
931 4166 1031 4233 facile
1046 4162 1305 4231 deformabatur
1313 4159 1350 4226 in
1367 4157 1509 4227 Herode

193 4276 308 4365 (atat
337 4312 382 4328 -
406 4277 511 4362 batn).
541 4274 695 4341 Proiecto
723 4273 818 4340 novit
847 4275 969 4340 Easeb.
1003 4269 1168 4360 (Lagarde
1203 4275 1281 4336 293.
1310 4268 1365 4356 37)
1396 4267 1509 4334 locum

192 4386 315 4471 Σαφείρ,
341 4380 432 4448 iuter
456 4380 735 4470 Eleutheropolin
760 4401 819 4447 seu
849 4378 1077 4465 Betograbam
1104 4383 1138 4445 et
1166 4375 1364 4444 Ascalonem
1393 4372 1507 4442 situm.

191 4493 299 4578 Prope
321 4487 600 4579 Eleutheropolin
625 4487 770 4553 collocat
796 4485 889 4553 idem
918 4485 1008 4575 (ait.
1033 4484 1088 4573 15)
1116 4485 1265 4550 Lebnam
1291 4480 1401 4547 tribus
1427 4478 1510 4545 luda

196 4597 271 4682 (los,
296 4600 396 4677 1333
412 4595 505 4680 etc).
526 4597 699 4676 Remmoa,
717 4615 737 4660 a
753 4592 885 4659 ludaeis
903 4589 1122 4682 postmodum
1137 4588 1336 4657 simeonitis
1350 4606 1510 4653 concessa

193 4707 270 4789 (ios.
301 4701 429 4790 toea),
458 4697 629 4767 sexdecim
659 4684 843 4766 milliariis
859 4697 1008 4765 distabat
1045 4694 1301 4786 Eleutheropoli
1333 4691 1509 4760 meridiem

191 4829 306 4876 versus
329 4811 419 4896 (278.
442 4811 484 4874 38
506 4807 586 4896 sq).
610 4809 699 4882 Quae
719 4805 794 4872 loca
813 4826 884 4871 non
903 4801 1184 4894 improbabiliter
1202 4804 1228 4870 i.
1254 4802 1295 4868 G.
1326 4797 1511 4889 Voidz'nqer
