3522 5396
261 365 320 425 318
722 381 759 424 os
780 381 873 426 cauas
895 382 935 425 nn
955 380 1118 426 roaoaueu.

260 514 324 582 bus
343 513 522 603 specialius
536 517 647 582 luerat
661 513 917 594 commendata,
939 519 973 582 et
995 535 1122 581 novum
1144 511 1285 601 aliquod
1302 511 1375 578 eius
1394 509 1480 597 legis
1499 509 1585 575 divi-

258 643 341 687 num
359 621 649 710 complementum
665 621 872 710 promulgat.
890 621 954 708 igi
968 625 1083 688 autem
1099 619 1141 686 de
1161 613 1585 708 complementopraefixa

259 726 327 792 iam
348 747 409 792 vox
426 741 483 813 qu,
498 724 710 792 solummodo
737 725 866 793 indicat
889 726 945 814 (ci.
973 733 1084 806 18‚15.
1114 731 1170 804 173
1194 729 1271 790 Lev.
1295 729 1407 804 1736.
1433 720 1582 808 illata).

260 854 291 896 v.
309 836 347 896 21
369 859 384 891 u
406 830 553 897 Eleazar
564 853 700 920 quoque
716 829 873 898 sacerdos
887 829 935 898 ad
945 831 1035 898 viros
1049 829 1235 908 exercitus,
1248 828 1309 918 qui
1316 838 1584 918 perquisierant,

259 936 306 1001 sic
329 936 461 1003 locutus
476 949 525 1004 est
539 959 552 1002 .·
566 940 640 1004 Hoc
660 949 709 1004 est
719 951 945 1028 praecepium
961 937 1047 1026 lepis
1065 965 1095 1016 a,
1110 975 1155 986 -
1170 951 1268 1001 arina
1284 950 1364 1026 rapu,
1382 934 1432 1000 uti
1450 939 1527 1013 1112
1540 971 1586 981 -

262 1071 277 1103 «
304 1041 397 1131 quod
416 1043 595 1110 mandauit
620 1045 783 1110 Dominus
808 1045 921 1133 illapsi
941 1071 956 1105 »
976 1067 1034 1112 ;1.
1054 1049 1097 1110 ia
1120 1071 1135 1105 u
1151 1045 1284 1109 Aurium
1302 1053 1335 1108 et
1349 1052 1532 1130 asperatum
1551 1053 1584 1104 et

260 1171 316 1215 aes
336 1161 368 1215 et
383 1149 520 1237 serrum
533 1161 566 1216 et
576 1151 759 1240 plumbum
778 1163 811 1216 et
825 1162 985 1217 stanuum
1001 1177 1017 1212 u
1035 1172 1067 1216 v.
1085 1154 1127 1217 23
1145 1177 1161 1209 u
1179 1161 1212 1214 et
1229 1169 1345 1229 omres,
1360 1145 1453 1237 quod
1468 1157 1585 1235 potest

262 1255 404 1322 transire
414 1277 477 1345 per
488 1257 648 1346 stammas
655 1307 666 1339 ,
683 1256 763 1345 ipim
769 1256 979 1347 piirqabitur
992 1283 1007 1318 u
1019 1279 1027 1338 3
1040 1294 1084 1305 —
1098 1277 1142 1322 au
1156 1254 1249 1342 ignis
1262 1253 1455 1320 lustrationi
1470 1274 1584 1342 aquae

262 1385 294 1428 v.
313 1367 353 1428 19
369 1385 419 1452 sq.
437 1361 663 1430 substituatur
677 1385 722 1430 an
736 1363 998 1453 superaddatur,
1014 1384 1086 1429 non
1101 1351 1182 1428 satis
1196 1361 1305 1449 liquet
1317 1397 1363 1409 -
1378 1387 1393 1420 u
1411 1357 1587 1448 quidquid

261 1481 375 1534 orclem
395 1470 509 1557 cpuem
526 1491 595 1536 aaa
603 1482 718 1558 potest
731 1471 912 1555 sustinere,
931 1492 1023 1560 aqua
1042 1467 1252 1558 expiationis
1265 1465 1536 1555 sanctificabitur
1553 1493 1584 1530 a.

262 1573 425 1641 Videntur
451 1575 543 1665 apud
567 1576 735 1643 Hebraeos
760 1579 836 1665 post
860 1574 990 1642 bellum
1010 1573 1274 1642 ammoniticum
1297 1594 1417 1641 vasae
1445 1571 1587 1638 metallo

263 1679 363 1746 luisse
392 1680 497 1766 longe
524 1682 771 1770 frequentiora,
793 1703 898 1770 quam
922 1682 966 1749 ad
991 1681 1124 1748 radices
1150 1680 1277 1747 montis
1304 1679 1397 1746 Sinai
1421 1678 1585 1744 fuerant:

260 1787 384 1851 merito
405 1786 514 1872 igitur
528 1788 593 1854 hoc
615 1787 905 1878 complementum
921 1788 990 1876 legi
1010 1793 1110 1856 Num.
1126 1793 1168 1854 19
1188 1788 1254 1852 hoc
1274 1794 1431 1875 tempore
1450 1782 1588 1850 addidit

260 1897 358 1958 Deus:
372 1915 404 1958 v.
424 1899 465 1960 tt
484 1921 499 1952 «
522 1895 567 1960 Et
582 1892 740 1960 lavabitis
759 1893 961 1961 uestimenta
980 1906 1090 1962 vestra
1108 1892 1165 1960 die
1179 1893 1340 1984 septimo,
1360 1903 1392 1958 et
1404 1889 1588 1982 purificati

256 2009 375 2086 postea
388 2012 498 2066 castra
513 1999 689 2067 intrabitis
706 2028 735 2067 1.

535 2193 567 2251 i.
595 2185 749 2253 Praedae
772 2185 969 2253 distributio
992 2188 1096 2254 Num.
1123 2191 1300 2268 31,a5-5t.

305 2348 388 2432 Arp.
411 2384 454 2394 -
468 2350 552 2411 Deus
574 2345 736 2434 praedam
756 2346 933 2412 hominum
950 2351 982 2412 et
999 2345 1202 2413 animalium
1219 2345 1266 2411 ita
1289 2343 1398 2410 dividi
1417 2342 1528 2421 iubet,
1547 2347 1587 2408 ut

262 2449 405 2518 dimidia
418 2473 497 2541 pars
514 2450 612 2518 cedat
628 2452 867 2534 bellatoribus,
886 2452 1026 2541 dempta
1040 2457 1138 2542 parte
1156 2459 1234 2520 500²
1247 2448 1482 2518 sacerdotibus
1499 2469 1587 2537 peu·

262 2556 391 2640 denda3
411 2559 519 2624 altera
541 2557 682 2624 dimidia
711 2581 791 2648 pars
818 2559 917 2626 cedat
940 2557 1085 2648 populo,
1105 2558 1244 2648 dempta
1264 2563 1362 2647 parte
1391 2563 1445 2623 50·
1468 2553 1586 2620 levitis

261 2661 453 2751 pendenda.
469 2663 563 2740 Quod
579 2665 706 2730 iussum
722 2671 952 2754 exsequuntur
966 2669 1090 2752 Moyses
1107 2669 1141 2731 et
1156 2665 1304 2732 Eleazar.
1322 2661 1453 2730 Praeda
1464 2681 1583 2729 rerum

259 2766 527 2834 inanimatarum
545 2791 655 2857 penes
670 2793 742 2848 eos,
764 2771 824 2859 qui
843 2792 919 2837 eam
940 2771 1122 2860 cepissent,
1140 2769 1389 2861 perseverabat.
1410 2767 1474 2834 Sed
1490 2767 1584 2853 grati

259 2873 366 2939 animi
384 2896 483 2960 ergo,
499 2873 591 2964 quod
610 2875 726 2942 nullus
747 2876 976 2944 Hebraeorum
994 2878 1031 2944 in
1046 2876 1175 2967 proelio
1194 2875 1421 2956 occubuisset,
1439 2873 1584 2940 chiliar-

258 2979 342 3046 chae
364 2987 398 3047 et
419 2980 634 3048 centuriones
658 2981 734 3049 auri
758 2981 938 3071 praedam,
962 2983 1140 3072 quaesibi
1164 2982 1363 3070 obtigisset,
1386 2979 1581 3047 voluntaria

258 3085 432 3153 oblatione
450 3091 515 3154 lieo
533 3097 788 3155 consecrarunt.

295 3253 361 3304 Non
373 3255 442 3303 satis
456 3265 471 3304 e
487 3254 565 3303 textu
581 3253 756 3316 perspicitur,
772 3251 892 3304 tueritne
912 3253 957 3304 lex
969 3267 997 3302 v.
1015 3252 1100 3304 iti-30
1116 3265 1168 3316 pro
1189 3252 1249 3303 sola
1264 3252 1317 3302 hac
1336 3251 1483 3303 occasione
1498 3248 1582 3308 data,

264 3355 300 3390 an
317 3355 366 3406 pro
380 3341 480 3392 intutis
493 3341 650 3404 quibusque
663 3342 798 3391 victoriis.
817 3341 846 3391 Si
859 3342 942 3402 illud,
959 3342 1160 3392 observabatur
1176 3353 1211 3392 ea
1225 3353 1294 3392 sane
1308 3342 1395 3392 eiiam
1409 3337 1584 3402 aliquamdiu

259 3437 322 3492 post
337 3430 372 3480 ob
388 3430 491 3490 Moysis
502 3431 699 3489 reuerentiam,
712 3432 740 3479 et
751 3429 826 3492 quod
838 3429 893 3479 alia
907 3431 952 3480 lex
968 3430 1002 3481 dc
1017 3431 1071 3480 bac
1085 3443 1115 3480 re
1130 3443 1188 3481 non
1202 3431 1336 3480 exstaret,
1351 3429 1419 3478 Eam
1434 3432 1510 3478 certe
1526 3440 1584 3476 non

262 3521 379 3568 nudavit
395 3517 483 3568 David
502 3518 511 3566 1
530 3517 600 3580 aeg.
623 3517 702 3578 30,‘25
723 3529 843 3580 aequam
861 3517 983 3581 praedae
1002 3523 1110 3583 partem
1128 3519 1254 3569 tribuens
1269 3519 1318 3577 iis,
1336 3518 1383 3580 qui
1400 3517 1436 3566 ad
1455 3517 1585 3566 sarcinas

260 3608 468 3664 remanserant,
485 3618 547 3655 cum
562 3607 611 3668 iis,
626 3607 675 3669 qui
690 3605 891 3657 dimicaverant
907 3620 913 3656 :
931 3609 1042 3672 utrique
1057 3607 1236 3671 pertinebant
1249 3606 1285 3657 ad
1299 3606 1468 3661 bellatores,
1486 3603 1535 3668 qui
1548 3604 1584 3654 ad

200 3697 203 3704 “
262 3693 468 3756 expeditionem
486 3695 621 3745 exierant.
639 3693 753 3744 Davidis
770 3697 864 3745 autem
878 3696 983 3746 exsulis
1000 3708 1056 3746 non
1073 3697 1147 3756 erat,
1162 3698 1270 3759 partem
1289 3694 1412 3759 praedae
1429 3692 1584 3742 attribuere

260 3782 378 3844 populo,
394 3781 601 3842 sacerdotibus,
616 3782 717 3832 levitis.

304 3941 336 3986 v.
355 3925 397 3987 25
414 3947 429 3979 u
455 3918 552 3985 Dixit
574 3941 708 4010 quoquc
730 3921 893 3986 Dominus
915 3920 963 3988 ad
981 3923 1121 4010 Moysen
1141 3949 1156 3982 »
1174 3943 1182 3990 :
1202 3943 1235 3988 v.
1253 3927 1295 3987 26
1314 3949 1329 3980 u
1349 3919 1469 3986 Tollite
1488 3941 1584 3985 sunc-

261 4048 353 4092 mam
374 4048 506 4109 aarum,
523 4047 610 4112 quiae
631 4037 730 4116 capta
749 4030 885 4093 suntab
903 4027 1039 4093 bomine
1059 4049 1165 4116 usque
1179 4026 1228 4093 ad
1237 4049 1358 4116 pectis,
1376 4039 1412 4092 tu
1433 4037 1464 4092 et
1479 4025 1584 4092 Elea·

261 4155 321 4197 aar
335 4131 490 4198 sacerdos
510 4146 542 4198 et
555 4132 732 4222 principes
746 4133 841 4223 orilqi
856 4161 885 4200 u.
902 4139 976 4200 Non
990 4135 1155 4223 praelecti
1176 4133 1343 4201 exercitus
1364 4134 1408 4201 ad
1427 4133 1492 4200 hoc
1510 4133 1588 4198 oili-

261 4237 352 4303 cium
377 4238 599 4326 deputantur,
625 4238 685 4328 qui
708 4239 795 4307 forte
824 4239 987 4306 militibus
1016 4240 1161 4306 nimium
1186 4240 1366 4321 favissent,
1383 4239 1442 4306 sed
1470 4240 1588 4328 capita

258 4342 512 4432 paroeciarum
527 4343 689 4411 ecclcsiae
701 4344 757 4434 (of.
771 4351 826 4412 Ex.
842 4347 948 4435 625),
962 4345 1022 4434 qui
1034 4346 1194 4413 omnibus
1210 4345 1347 4412 familiis
1362 4367 1472 4435 aeque
1489 4355 1591 4412 erant

263 4449 461 4516 consulturi.
481 4439 595 4542 uipbm,
613 4450 706 4541 quod
722 4452 899 4541 sequeutia
916 4452 1091 4533 evincunt,
1110 4449 1184 4519 eam
1204 4453 1312 4519 solam
1330 4452 1477 4543 praedae
1496 4453 1586 4530 [inu]

265 4562 393 4644 partem
415 4556 593 4646 exprimit,
614 4580 702 4646 quae
725 4558 959 4624 animantibus
984 4564 1129 4640 constat,
1147 4559 1346 4626 hominibus
1368 4563 1401 4625 et
1423 4558 1585 4625 animali-

266 4661 401 4729 busita
427 4662 480 4728 his
501 4662 581 4730 solis
604 4664 712 4730 fertur
733 4665 817 4730 haec
837 4664 906 4743 lex,
932 4663 1045 4753 quoad
1070 4664 1261 4732 inanimata
1283 4665 1328 4732 cf.
1350 4688 1382 4732 v.
1403 4671 1457 4732 53.
1479 4669 1583 4740 Nota,

265 4775 474 4857 quantopere
492 4771 576 4835 haec
594 4769 646 4835 les
671 4775 824 4837 coerceat
844 4769 1081 4836 crudelitatem
1102 4792 1110 4837 ε
1131 4769 1199 4836 nisi
1219 4775 1306 4838 [leus
1330 4771 1482 4860 aliquam
1500 4793 1585 4858 gen-
