3550 5424
713 397 1024 494 nuu.93,⁶llsoo.=
1454 403 1527 482 285¹
1631 395 1634 402 Δ
1716 391 1765 512 μ’

191 575 326 650 suoest,
344 571 379 637 in
406 570 519 636 modio
536 571 608 637 eius
627 570 760 636 habitat
781 569 818 635 in
837 569 1047 650 sanctuario,
1069 576 1106 638 ut
1124 570 1255 637 amicus
1274 575 1306 638 et
1325 575 1508 660 protector,

191 699 340 766 suaeque
356 676 567 767 praesentiae
587 682 794 762 argumenta
810 675 891 743 edit.
914 704 929 737 a
951 677 1153 765 Etclaopor
1167 675 1350 765 [victoriae]
1368 677 1459 767 repis
1475 677 1511 744 io

192 782 253 848 illo
277 811 305 849 s.
333 783 538 850 Praesentia
557 781 647 870 regis
669 805 739 850 non
761 781 956 849 celebratur
977 783 1136 850 continuo
1156 782 1264 849 iubilo
1287 784 1436 872 (Heba),
1451 783 1512 850 sed

191 890 292 955 certis
311 888 563 971 occasionibus,
589 889 761 979 imprimis
785 894 884 978 parta
907 888 1063 956 victoria.
1093 893 1147 956 Est
1170 911 1262 956 nuno
1287 891 1398 979 ipsum
1423 889 1511 955 inter

193 995 359 1062 israelitas
374 994 502 1062 iubilus
522 1001 661 1085 propter
683 995 816 1062 cladem
841 997 954 1062 Sebon
976 1001 1009 1062 et
1029 998 1079 1082 Og
1098 995 1280 1076 inflictam,
1296 995 1510 1086 potissimum

190 1121 271 1168 vero
289 1103 334 1189 (v.
353 1103 409 1190 ᾗ)
431 1102 474 1168 ob
499 1101 686 1188 gloriosam
709 1123 750 1168 ex
769 1107 925 1190 Aegypto
940 1100 1102 1182 exodum,
1120 1103 1216 1190 isque
1231 1101 1360 1170 iubilus
1373 1108 1511 1192 porten-

190 1207 241 1275 dit
261 1205 372 1275 etiam
390 1210 520 1275 futuras
553 1208 710 1275 victorias
738 1207 859 1296 (Vct).
887 1213 1025 1297 Propter
1052 1207 1249 1276 immediate
1271 1208 1511 1298 praecedentia

189 1320 223 1380 et
240 1316 417 1404 sequentia
439 1336 499 1379 vox
518 1314 609 1404 repis
629 1316 770 1380 omnino
797 1313 978 1381 referenda
1001 1314 1115 1382 estad
1135 1314 1276 1394 Iahven,
1295 1336 1367 1380 non
1387 1313 1430 1381 ad
1450 1337 1511 1406 po-

189 1419 438 1508 pulumICoi.t,
454 1443 477 1486 u
504 1421 584 1486 huic
597 1421 694 1508 regia
709 1419 861 1506 dignitas
876 1419 1290 1510 praenuntieturideoque
1301 1419 1511 1489 eiusiubilus

190 1527 303 1614 regius
322 1525 466 1594 dicatur.
489 1532 562 1593 Non
584 1525 723 1615 respicit
740 1528 879 1593 Balaam
901 1526 1077 1616 speciatim
1096 1525 1243 1593 iubilurn
1266 1526 1358 1594 tubis
1381 1528 1508 1594 editum

190 1631 343 1720 (Calon),
357 1654 435 1698 nam
451 1638 572 1709 castra,
590 1633 648 1700 ubi
664 1633 767 1698 tubae
780 1639 890 1716 erant,
906 1654 977 1699 non
992 1632 1180 1722 aspiciebat
1195 1655 1212 1698 e
1231 1639 1345 1700 monte
1359 1634 1507 1720 Pbasga,
1539 1629 1545 1642 ⁸

189 1738 247 1805 sed
267 1739 487 1828 postmodum
511 1761 528 1806 e
553 1745 669 1806 monte
689 1739 836 1825 Phogor.
864 1738 1040 1816 Quomodo
1061 1761 1181 1827 porro,
1200 1738 1261 1805 illo
1282 1738 1390 1806 iubilo
1413 1740 1510 1828 regio

188 1867 270 1911 aera
295 1853 515 1934 personante,
539 1845 652 1934 potuit
680 1846 818 1911 Balaam
847 1843 884 1910 in
910 1844 1078 1912 Israelitas
1102 1845 1271 1912 conticere
1296 1845 1510 1913 maledictio·
1591 1901 1594 1912 .

187 1953 289 2018 nem?
312 1974 345 2018 v.
367 1959 409 2018 Ἠ
432 1983 446 2012 «
475 1955 564 2018 Dcrcs
583 1949 703 2017 edocit
718 1950 816 2016 illam
833 1949 874 2016 dc
890 1955 1063 2041 aeqypto,
1085 1952 1181 2018 ertias
1191 1951 1366 2040 fortitudo
1385 1951 1510 2018 sinaitis

188 2070 235 2124 est
251 2057 474 2124 rhinocerotis
501 2086 535 2136 o,
563 2080 622 2124 seu
640 2057 751 2124 verius
771 2057 889 2123 bonosi
906 2057 981 2146 (der
999 2057 1159 2147 Wisent),
1178 2058 1276 2124 bovis
1288 2059 1510 2126 illius'imma-

187 2163 256 2245 nis,
286 2163 502 2242 ferocissimi,
527 2164 588 2253 qui
611 2165 828 2229 nuncetiam
845 2163 882 2228 in
903 2164 997 2251 sylva
1019 2163 1223 2238 ¹Bialovvicza
1247 2169 1280 2230 et
1308 2164 1345 2230 in
1366 2167 1510 2231 Caucaso

187 2270 370 2359 reperitur,
390 2277 421 2336 et
435 2271 479 2336 ab
499 2269 664 2337 heroibus
678 2269 800 2356 assyria
815 2269 920 2356 (rimo
933 2297 975 2328 -.-.-
993 2285 1067 2341 ast,
1092 2268 1129 2335 in
1146 2292 1215 2358 qua
1229 2291 1310 2336 voce
1326 2292 1507 2359 perperam

190 2375 309 2443 Cbald.
336 2379 415 2466 Syr.
434 2376 633 2445 subodorati
647 2380 727 2442 sunt
741 2376 887 2442 formam
902 2374 1053 2465 aliquam
1069 2399 1087 2442 a
1101 2375 1215 2442 radice
1235 2391 1287 2440 um
1308 2375 1508 2461 derivatam)

188 2483 428 2571 superabatur.
451 2484 497 2548 Cf.
519 2481 707 2564 Scbrodcr,·
721 2483 760 2547 F.
784 2480 942 2547 Hammel
954 2502 967 2546 :
987 2481 1045 2548 uie
1061 2485 1188 2548 Nameu
1208 2481 1271 2549 der
1285 2483 1508 2569 Sattgetbiere

188 2589 243 2655 bei
269 2589 334 2656 den
360 2590 510 2656 sttdsem.
540 2589 705 2669 Volkern,
733 2587 871 2677 Leipzig
895 2593 992 2668 1879,
1017 2610 1050 2676 p.
1074 2594 1149 2654 227.
1180 2593 1256 2654 tuo.
1286 2591 1510 2678 Comparatur

190 2695 288 2761 lahve
303 2695 444 2762 animali
465 2694 636 2778 omnium,
657 2716 745 2784 quae
760 2693 857 2760 novit
872 2701 980 2773 vates,
995 2693 1248 2774 robustissima,
1264 2695 1505 2776 audacissimo,

187 2801 280 2890 quod
294 2803 415 2870 merito
429 2803 673 2892 pertimescant
687 2801 749 2866 bos
764 2799 844 2889 Apis
856 2807 889 2867 et
904 2805 1048 2866 Ammon
1064 2802 1165 2868 aries
1184 2804 1266 2869 Cum
1282 2803 1374 2868 LXX
1386 2799 1504 2868 dbold.

186 2911 265 2996 Syr.
295 2909 342 2976 ita
370 2908 531 2976 dissolvas
559 2907 805 2997 participium:
832 2905 891 2992 III,
917 2907 980 2996 qoi
999 2906 1119 2973 edocuit
1140 2930 1196 2975 eos
1216 2905 1257 2972 dc
1283 2910 1453 2997 aeqypto,
1476 2917 1510 2974 et

187 3037 293 3104 perge
318 3039 325 3082 τ
353 3037 482 3082 cormac
502 3014 621 3080 bonosi
642 3027 722 3080 som
746 3013 794 3092 ei,
820 3035 865 3080 sc.
889 3013 955 3080 deo
975 3013 1024 3079 ul.
1052 3014 1100 3080 ct.
1123 3018 1217 3080 Deut.
1241 3019 1359 3095 33,17;
1376 3013 1435 3080 lob
1451 3021 1506 3094 39,

187 3129 271 3210 ttsq.
293 3126 471 3201 Memento,
494 3121 652 3208 antiquos
670 3118 825 3185 divinam
852 3125 886 3184 et
908 3118 1040 3206 regiam
1054 3122 1289 3186 auctoritatem
1307 3141 1508 3208 repraesen-

188 3235 271 3294 tasse
286 3227 475 3306 cornubuS,
496 3248 583 3315 quae
606 3223 768 3291 animalia
786 3245 932 3312 gregum
956 3224 1060 3292 duces
1080 3226 1117 3290 in
1131 3225 1241 3291 fronte
1255 3231 1392 3310 gerunt.
1412 3225 1509 3291 Vides

186 3356 291 3424 quam
314 3337 406 3401 arcte
425 3357 458 3401 v.
480 3339 522 3398 Ἡ
541 3337 698 3399 nectatur
712 3352 790 3397 cum
817 3354 848 3396 v.
873 3333 941 3398 21¹².
968 3336 1055 3398 Deus
1075 3353 1132 3397 rex
1154 3329 1255 3397 lsrael
1272 3331 1354 3397 deos
1369 3331 1508 3398 univer-

185 3463 237 3508 sos
253 3441 358 3507 vincit
373 3441 497 3506 robore
512 3447 546 3506 et
560 3437 721 3519 audacia,
740 3437 866 3527 populo
884 3459 945 3503 suo
964 3437 1075 3525 praeit
1091 3437 1134 3502 ad
1150 3438 1334 3526 proelium.
1351 3441 1507 3505 Potestne

185 3546 323 3614 Balaam
339 3548 467 3637 populo
483 3545 705 3628 maledicere,
721 3545 780 3634 qui
797 3542 859 3610 tali
871 3544 958 3610 duce
972 3542 1122 3610 incedit?

230 3677 262 3719 v.
277 3661 320 3719 23
350 3681 365 3713 «
389 3656 464 3720 Non
491 3664 538 3718 cst
559 3651 743 3740 copiosam
768 3649 804 3716 iu
825 3652 941 3733 Iacob,
966 3672 1027 3717 nec
1044 3648 1214 3719 ciconaria
1236 3652 1273 3718 io
1296 3651 1406 3719 Israel
1425 3679 1455 3718 n.
1479 3669 1507 3716 u

185 3782 252 3827 non
277 3758 464 3826 introducit
481 3758 649 3825 rationem
671 3756 870 3824 immediate
893 3756 1171 3845 praecedentium
1190 3757 1355 3845 (Dibon),
1373 3757 1432 3826 sed
1447 3781 1507 3824 nn-

185 3889 266 3934 vum
285 3866 456 3953 generalis
475 3863 641 3954 propositi
670 3868 926 3950 argumentum.
953 3864 1091 3930 Balaam
1113 3869 1203 3931 certe
1226 3887 1294 3932 non
1321 3864 1505 3952 proscribit

184 3973 334 4062 ooqorio
357 3989 476 4044 mum,
497 3994 561 4060 ope
587 3992 735 4060 qnorum
758 3971 865 4059 (Bal)
886 3969 958 4058 ipse
980 3969 1114 4037 divinas
1137 3977 1257 4037 nactus
1280 3976 1353 4037 erat
1377 3969 1506 4037 revela-

183 4080 304 4147 tiones.
333 4079 498 4145 Beficiunt
524 4079 608 4144 haec
635 4077 815 4158 Israelitas‚
836 4098 903 4143 non
918 4076 1013 4166 quod
1028 4077 1120 4146 mala
1144 4077 1228 4158 sint,
1251 4076 1310 4144 sed
1326 4076 1420 4165 quod
1435 4099 1506 4143 me-

185 4187 250 4252 lius
268 4185 353 4276 quid
374 4185 428 4251 illi
448 4185 613 4251 habeant.
645 4183 798 4270 Auguria
820 4189 857 4249 et
880 4181 1110 4251 divinationes
1130 4189 1208 4250 sunt
1230 4181 1329 4248 valde
1343 4182 1475 4251 incerta
1496 4207 1503 4252 ;

184 4297 262 4379 post
286 4297 416 4378 erectas
441 4297 570 4380 septem
600 4311 677 4356 aras
700 4295 734 4355 et
750 4289 944 4357 immolatas
964 4287 1223 4379 quatuordecim
1244 4287 1400 4356 victimas
1423 4312 1505 4356 eun-

184 4397 267 4464 dum
285 4404 333 4464 est
347 4397 427 4475 vati,
446 4403 484 4463 ut
503 4395 712 4487 experiatur,
731 4417 774 4462 an
795 4396 881 4462 forte
896 4401 983 4463 Deus
995 4395 1049 4462 illi
1064 4402 1230 4463 occurrat.
1256 4395 1419 4462 Israelitis
1435 4418 1505 4462 mo-

184 4505 248 4572 lius
269 4509 321 4570 est
348 4504 522 4592 provisum
551 4526 558 4573 :
585 4531 600 4564 c
624 4501 830 4592 testatoribus
848 4502 920 4568 sois
945 4501 1079 4568 dicetur
1096 4503 1194 4567 Iacob
1214 4513 1247 4568 ct
1263 4501 1404 4586 Israeli,
1422 4502 1507 4591 quid

184 4623 342 4702 operatos
359 4611 404 4677 sit
421 4613 512 4677 Deos
535 4637 565 4673 a.
591 4637 606 4672 «
629 4614 711 4676 Cum
731 4629 785 4676 res
803 4609 916 4695 exiget
935 4615 967 4674 et
987 4607 1118 4694 negotii
1141 4608 1343 4694 magnitudo
1356 4609 1506 4698 postula-

183 4717 250 4800 bit,
265 4741 285 4786 a
304 4717 484 4808 prophetis
502 4723 535 4784 et
556 4714 775 4805 pontificibus
791 4737 953 4804 responsa
967 4721 1060 4782 certa
1074 4715 1218 4782 edentur
1233 4714 1274 4782 de
1290 4714 1393 4782 rebus
1413 4715 1505 4782 sutu-

192 4827 238 4892 ris
259 4854 275 4886 »
301 4826 467 4914 (Banasa).
490 4839 533 4891 uz·
559 4821 717 4908 designat
739 4834 871 4911 triopus
889 4833 1033 4906 cercuro,
1054 4821 1258 4911 rlcfiniboo:
1276 4827 1431 4912 tempore
1446 4844 1506 4890 suo
