<?xml version="1.0" encoding="UTF-8"?>
<!DOCTYPE html PUBLIC "-//W3C//DTD XHTML 1.0 Transitional//EN"
    "http://www.w3.org/TR/xhtml1/DTD/xhtml1-transitional.dtd">
<html xmlns="http://www.w3.org/1999/xhtml" xml:lang="en" lang="en">
 <head>
  <title>
</title>
<meta http-equiv="Content-Type" content="text/html;charset=utf-8" />
  <meta name='ocr-system' content='tesseract 3.04.00' />
  <meta name='ocr-capabilities' content='ocr_page ocr_carea ocr_par ocr_line ocrx_word'/>
</head>
<body>
  <div class='ocr_page' id='page_1' title='image "./commentariusinn00hummgoog_0322.png"; bbox 0 0 3554 5406; ppageno 0'>
   <div class='ocr_carea' id='block_1_1' title="bbox 759 366 1509 440">
    <p class='ocr_par' dir='ltr' id='par_1_1' title="bbox 759 366 1509 440">
     <span class='ocr_line' id='line_1_1' title="bbox 759 366 1509 440; baseline 0 -14"><span class='ocrx_word' id='word_1_1' title='bbox 759 382 830 428; x_wconf 79' lang='grc'><strong>333.</strong></span> <span class='ocrx_word' id='word_1_2' title='bbox 853 369 935 440; x_wconf 57' lang='grc'><strong>153.</strong></span> <span class='ocrx_word' id='word_1_3' title='bbox 1449 366 1509 426; x_wconf 87' lang='grc'><strong>309</strong></span> 
     </span>
    </p>
   </div>
   <div class='ocr_carea' id='block_1_2' title="bbox 186 513 1510 1031">
    <p class='ocr_par' dir='ltr' id='par_1_2' title="bbox 186 513 1510 1031">
     <span class='ocr_line' id='line_1_2' title="bbox 186 513 1507 604; baseline 0.002 -24"><span class='ocrx_word' id='word_1_4' title='bbox 186 518 371 602; x_wconf 85' lang='lat' dir='ltr'><strong>antequam</strong></span> <span class='ocrx_word' id='word_1_5' title='bbox 395 513 594 582; x_wconf 87' lang='lat' dir='ltr'><strong>mandatum</strong></span> <span class='ocrx_word' id='word_1_6' title='bbox 617 514 704 582; x_wconf 93' lang='lat' dir='ltr'><strong>illud</strong></span> <span class='ocrx_word' id='word_1_7' title='bbox 725 516 836 584; x_wconf 91' lang='lat' dir='ltr'><strong>iteret.</strong></span> <span class='ocrx_word' id='word_1_8' title='bbox 860 515 1072 584; x_wconf 81' lang='lat' dir='ltr'><strong>Conveniens</strong></span> <span class='ocrx_word' id='word_1_9' title='bbox 1092 519 1181 596; x_wconf 86' lang='lat' dir='ltr'><strong>erat,</strong></span> <span class='ocrx_word' id='word_1_10' title='bbox 1204 523 1241 581; x_wconf 84' lang='lat' dir='ltr'><strong>ut</strong></span> <span class='ocrx_word' id='word_1_11' title='bbox 1263 514 1323 604; x_wconf 93' lang='lat' dir='ltr'><strong>qui</strong></span> <span class='ocrx_word' id='word_1_12' title='bbox 1341 520 1439 581; x_wconf 92' lang='lat' dir='ltr'><strong>Num.</strong></span> <span class='ocrx_word' id='word_1_13' title='bbox 1467 521 1507 582; x_wconf 81' lang='lat'><strong>15</strong></span> 
     </span>
     <span class='ocr_line' id='line_1_3' title="bbox 186 619 1508 711; baseline 0 -25"><span class='ocrx_word' id='word_1_14' title='bbox 186 620 298 707; x_wconf 83' lang='lat' dir='ltr'><strong>legem</strong></span> <span class='ocrx_word' id='word_1_15' title='bbox 319 621 362 687; x_wconf 91' lang='lat' dir='ltr'><strong>de</strong></span> <span class='ocrx_word' id='word_1_16' title='bbox 386 619 533 686; x_wconf 86' lang='lat' dir='ltr'><strong>minabis</strong></span> <span class='ocrx_word' id='word_1_17' title='bbox 552 627 585 686; x_wconf 88' lang='lat' dir='ltr'><strong>et</strong></span> <span class='ocrx_word' id='word_1_18' title='bbox 603 621 801 689; x_wconf 76' lang='lat' dir='ltr'><strong>libamentis</strong></span> <span class='ocrx_word' id='word_1_19' title='bbox 819 625 958 689; x_wconf 92' lang='lat' dir='ltr'><strong>nomine</strong></span> <span class='ocrx_word' id='word_1_20' title='bbox 981 623 1081 690; x_wconf 91' lang='lat' dir='ltr'><strong>lahve</strong></span> <span class='ocrx_word' id='word_1_21' title='bbox 1103 621 1148 688; x_wconf 90' lang='lat' dir='ltr'><strong>ad</strong></span> <span class='ocrx_word' id='word_1_22' title='bbox 1168 626 1302 710; x_wconf 92' lang='lat' dir='ltr'><strong>tempus</strong></span> <span class='ocrx_word' id='word_1_23' title='bbox 1322 623 1508 711; x_wconf 89' lang='lat' dir='ltr'><strong>suspende-</strong></span> 
     </span>
     <span class='ocr_line' id='line_1_4' title="bbox 186 725 1509 818; baseline 0.001 -26"><span class='ocrx_word' id='word_1_24' title='bbox 186 731 255 808; x_wconf 90' lang='lat' dir='ltr'><strong>rat,</strong></span> <span class='ocrx_word' id='word_1_25' title='bbox 273 726 364 793; x_wconf 90' lang='lat' dir='ltr'><strong>idem</strong></span> <span class='ocrx_word' id='word_1_26' title='bbox 387 725 475 793; x_wconf 91' lang='lat' dir='ltr'><strong>hanc</strong></span> <span class='ocrx_word' id='word_1_27' title='bbox 495 727 749 816; x_wconf 86' lang='lat' dir='ltr'><strong>suspensionem</strong></span> <span class='ocrx_word' id='word_1_28' title='bbox 769 735 954 796; x_wconf 89' lang='lat' dir='ltr'><strong>revocaret.</strong></span> <span class='ocrx_word' id='word_1_29' title='bbox 978 727 1073 807; x_wconf 83' lang='lat' dir='ltr'><strong>Quod</strong></span> <span class='ocrx_word' id='word_1_30' title='bbox 1093 727 1262 818; x_wconf 88' lang='lat' dir='ltr'><strong>praestitit</strong></span> <span class='ocrx_word' id='word_1_31' title='bbox 1275 733 1400 816; x_wconf 83' lang='lat' dir='ltr'><strong>Moyses</strong></span> <span class='ocrx_word' id='word_1_32' title='bbox 1417 727 1509 793; x_wconf 92' lang='lat' dir='ltr'><strong>edito</strong></span> 
     </span>
     <span class='ocr_line' id='line_1_5' title="bbox 186 832 1510 929; baseline 0 -29"><span class='ocrx_word' id='word_1_33' title='bbox 186 840 334 900; x_wconf 89' lang='lat' dir='ltr'><strong>tractatu</strong></span> <span class='ocrx_word' id='word_1_34' title='bbox 349 832 391 899; x_wconf 90' lang='lat' dir='ltr'><strong>de</strong></span> <span class='ocrx_word' id='word_1_35' title='bbox 410 833 586 900; x_wconf 88' lang='lat' dir='ltr'><strong>sacrificiis</strong></span> <span class='ocrx_word' id='word_1_36' title='bbox 601 834 760 902; x_wconf 90' lang='lat' dir='ltr'><strong>omnibus</strong></span> <span class='ocrx_word' id='word_1_37' title='bbox 779 835 921 924; x_wconf 90' lang='lat' dir='ltr'><strong>publico</strong></span> <span class='ocrx_word' id='word_1_38' title='bbox 941 833 1079 903; x_wconf 88' lang='lat' dir='ltr'><strong>nomine</strong></span> <span class='ocrx_word' id='word_1_39' title='bbox 1096 833 1297 912; x_wconf 61' lang='lat' dir='ltr'><strong>offerendis</strong></span> <span class='ocrx_word' id='word_1_40' title='bbox 1314 834 1510 929; x_wconf 89' lang='lat' dir='ltr'><strong>cuiadiecit</strong></span> 
     </span>
     <span class='ocr_line' id='line_1_6' title="bbox 186 937 1509 1031; baseline 0.002 -27"><span class='ocrx_word' id='word_1_41' title='bbox 186 937 299 1026; x_wconf 81' lang='lat' dir='ltr'><strong>legem</strong></span> <span class='ocrx_word' id='word_1_42' title='bbox 320 937 363 1005; x_wconf 89' lang='lat' dir='ltr'><strong>de</strong></span> <span class='ocrx_word' id='word_1_43' title='bbox 383 939 596 1027; x_wconf 78' lang='lat' dir='ltr'><strong>obligatione</strong></span> <span class='ocrx_word' id='word_1_44' title='bbox 621 946 797 1024; x_wconf 88' lang='lat' dir='ltr'><strong>votorum,</strong></span> <span class='ocrx_word' id='word_1_45' title='bbox 819 941 990 1031; x_wconf 82' lang='lat' dir='ltr'><strong>imprimis</strong></span> <span class='ocrx_word' id='word_1_46' title='bbox 1009 963 1029 1008; x_wconf 94' lang='lat' dir='ltr'><strong>a</strong></span> <span class='ocrx_word' id='word_1_47' title='bbox 1047 940 1250 1008; x_wconf 86' lang='lat' dir='ltr'><strong>mulieribus</strong></span> <span class='ocrx_word' id='word_1_48' title='bbox 1270 947 1509 1029; x_wconf 89' lang='lat' dir='ltr'><strong>susceptorum</strong></span> 
     </span>
    </p>
   </div>
   <div class='ocr_carea' id='block_1_3' title="bbox 186 1044 1508 2071">
    <p class='ocr_par' dir='ltr' id='par_1_3' title="bbox 186 1044 1508 2071">
     <span class='ocr_line' id='line_1_7' title="bbox 186 1044 1508 1136; baseline 0.002 -26"><span class='ocrx_word' id='word_1_49' title='bbox 186 1049 284 1112; x_wconf 91' lang='lat' dir='ltr'><strong>Num.</strong></span> <span class='ocrx_word' id='word_1_50' title='bbox 305 1051 420 1113; x_wconf 74' lang='lat'><strong>28-30.</strong></span> <span class='ocrx_word' id='word_1_51' title='bbox 441 1044 656 1133; x_wconf 82' lang='lat' dir='ltr'><strong>Collegerant</strong></span> <span class='ocrx_word' id='word_1_52' title='bbox 670 1047 801 1116; x_wconf 88' lang='lat' dir='ltr'><strong>interea</strong></span> <span class='ocrx_word' id='word_1_53' title='bbox 821 1047 1023 1115; x_wconf 88' lang='lat' dir='ltr'><strong>Madianitae</strong></span> <span class='ocrx_word' id='word_1_54' title='bbox 1039 1047 1240 1128; x_wconf 81' lang='lat' dir='ltr'><strong>exercitum,</strong></span> <span class='ocrx_word' id='word_1_55' title='bbox 1258 1069 1343 1136; x_wconf 92' lang='lat' dir='ltr'><strong>quos</strong></span> <span class='ocrx_word' id='word_1_56' title='bbox 1361 1045 1508 1113; x_wconf 87' lang='lat' dir='ltr'><strong>Hebraei</strong></span> 
     </span>
     <span class='ocr_line' id='line_1_8' title="bbox 186 1151 1504 1244; baseline 0.002 -26"><span class='ocrx_word' id='word_1_57' title='bbox 186 1157 287 1218; x_wconf 89' lang='lat' dir='ltr'><strong>noctu</strong></span> <span class='ocrx_word' id='word_1_58' title='bbox 304 1151 416 1218; x_wconf 89' lang='lat' dir='ltr'><strong>adorti</strong></span> <span class='ocrx_word' id='word_1_59' title='bbox 431 1152 582 1220; x_wconf 92' lang='lat' dir='ltr'><strong>fundunt</strong></span> <span class='ocrx_word' id='word_1_60' title='bbox 599 1159 775 1244; x_wconf 88' lang='lat' dir='ltr'><strong>totamque</strong></span> <span class='ocrx_word' id='word_1_61' title='bbox 794 1155 1048 1222; x_wconf 71' lang='lat' dir='ltr'><strong>ammonitiden</strong></span> <span class='ocrx_word' id='word_1_62' title='bbox 1065 1153 1322 1243; x_wconf 91' lang='lat' dir='ltr'><strong>depopulantur</strong></span> <span class='ocrx_word' id='word_1_63' title='bbox 1333 1157 1432 1220; x_wconf 88' lang='lat' dir='ltr'><strong>Num.</strong></span> <span class='ocrx_word' id='word_1_64' title='bbox 1450 1159 1504 1220; x_wconf 85' lang='lat'><strong>31.</strong></span> 
     </span>
     <span class='ocr_line' id='line_1_9' title="bbox 187 1259 1507 1348; baseline 0.002 -24"><span class='ocrx_word' id='word_1_65' title='bbox 187 1263 281 1324; x_wconf 83' lang='lat' dir='ltr'><strong>Mune</strong></span> <span class='ocrx_word' id='word_1_66' title='bbox 304 1259 470 1325; x_wconf 89' lang='lat' dir='ltr'><strong>accedunt</strong></span> <span class='ocrx_word' id='word_1_67' title='bbox 495 1259 682 1328; x_wconf 86' lang='lat' dir='ltr'><strong>Rubenitae</strong></span> <span class='ocrx_word' id='word_1_68' title='bbox 705 1267 737 1328; x_wconf 90' lang='grc'><strong>31</strong></span> <span class='ocrx_word' id='word_1_69' title='bbox 757 1261 918 1342; x_wconf 70' lang='grc'><strong>(13311133,</strong></span> <span class='ocrx_word' id='word_1_70' title='bbox 939 1259 1246 1328; x_wconf 85' lang='lat' dir='ltr'><strong>trausiordanicam</strong></span> <span class='ocrx_word' id='word_1_71' title='bbox 1267 1259 1331 1326; x_wconf 87' lang='lat' dir='ltr'><strong>sibi</strong></span> <span class='ocrx_word' id='word_1_72' title='bbox 1352 1265 1507 1348; x_wconf 82' lang='lat' dir='ltr'><strong>expostu-</strong></span> 
     </span>
     <span class='ocr_line' id='line_1_10' title="bbox 186 1364 1506 1456; baseline 0 -26"><span class='ocrx_word' id='word_1_73' title='bbox 186 1364 293 1431; x_wconf 81' lang='lat' dir='ltr'><strong>lantes</strong></span> <span class='ocrx_word' id='word_1_74' title='bbox 316 1386 323 1432; x_wconf 92' lang='lat'>:</span> <span class='ocrx_word' id='word_1_75' title='bbox 341 1365 467 1454; x_wconf 87' lang='lat' dir='ltr'><strong>quibus</strong></span> <span class='ocrx_word' id='word_1_76' title='bbox 484 1365 582 1432; x_wconf 87' lang='lat' dir='ltr'><strong>iustis</strong></span> <span class='ocrx_word' id='word_1_77' title='bbox 596 1366 853 1435; x_wconf 90' lang='lat' dir='ltr'><strong>conditionibus</strong></span> <span class='ocrx_word' id='word_1_78' title='bbox 868 1367 975 1456; x_wconf 91' lang='lat' dir='ltr'><strong>petita</strong></span> <span class='ocrx_word' id='word_1_79' title='bbox 994 1365 1152 1434; x_wconf 88' lang='lat' dir='ltr'><strong>concedit</strong></span> <span class='ocrx_word' id='word_1_80' title='bbox 1166 1371 1304 1454; x_wconf 80' lang='lat' dir='ltr'><strong>Moyses,</strong></span> <span class='ocrx_word' id='word_1_81' title='bbox 1320 1365 1388 1432; x_wconf 92' lang='lat' dir='ltr'><strong>illis</strong></span> <span class='ocrx_word' id='word_1_82' title='bbox 1403 1365 1506 1432; x_wconf 89' lang='lat' dir='ltr'><strong>ctiam</strong></span> 
     </span>
     <span class='ocr_line' id='line_1_11' title="bbox 186 1470 1507 1561; baseline 0.001 -24"><span class='ocrx_word' id='word_1_83' title='bbox 186 1470 377 1558; x_wconf 80' lang='lat' dir='ltr'><strong>adiungens</strong></span> <span class='ocrx_word' id='word_1_84' title='bbox 392 1471 572 1539; x_wconf 82' lang='lat' dir='ltr'><strong>dimidiam</strong></span> <span class='ocrx_word' id='word_1_85' title='bbox 592 1473 723 1539; x_wconf 83' lang='lat' dir='ltr'><strong>tribum</strong></span> <span class='ocrx_word' id='word_1_86' title='bbox 741 1479 904 1556; x_wconf 86' lang='lat' dir='ltr'><strong>Manasse,</strong></span> <span class='ocrx_word' id='word_1_87' title='bbox 922 1478 1021 1540; x_wconf 90' lang='lat' dir='ltr'><strong>Num.</strong></span> <span class='ocrx_word' id='word_1_88' title='bbox 1043 1480 1097 1541; x_wconf 73' lang='lat'><strong>32.</strong></span> <span class='ocrx_word' id='word_1_89' title='bbox 1119 1472 1303 1540; x_wconf 88' lang='lat' dir='ltr'><strong>Recensitis</strong></span> <span class='ocrx_word' id='word_1_90' title='bbox 1321 1494 1424 1561; x_wconf 89' lang='lat' dir='ltr'><strong>porro</strong></span> <span class='ocrx_word' id='word_1_91' title='bbox 1443 1494 1507 1561; x_wconf 92' lang='lat' dir='ltr'><strong>pro</strong></span> 
     </span>
     <span class='ocr_line' id='line_1_12' title="bbox 186 1577 1507 1672; baseline 0.001 -30"><span class='ocrx_word' id='word_1_92' title='bbox 186 1577 411 1672; x_wconf 86' lang='lat' dir='ltr'><strong>praeambulo</strong></span> <span class='ocrx_word' id='word_1_93' title='bbox 430 1577 546 1668; x_wconf 88' lang='lat' dir='ltr'><strong>aliquo</strong></span> <span class='ocrx_word' id='word_1_94' title='bbox 562 1579 782 1662; x_wconf 78' lang='lat' dir='ltr'><strong>stationibuS‚</strong></span> <span class='ocrx_word' id='word_1_95' title='bbox 802 1579 926 1669; x_wconf 90' lang='lat' dir='ltr'><strong>quibus</strong></span> <span class='ocrx_word' id='word_1_96' title='bbox 940 1585 1027 1647; x_wconf 85' lang='lat' dir='ltr'><strong>Meus</strong></span> <span class='ocrx_word' id='word_1_97' title='bbox 1046 1601 1085 1645; x_wconf 84' lang='lat' dir='ltr'><strong>ex</strong></span> <span class='ocrx_word' id='word_1_98' title='bbox 1103 1577 1314 1668; x_wconf 79' lang='lat' dir='ltr'><strong>Aegyptoad</strong></span> <span class='ocrx_word' id='word_1_99' title='bbox 1330 1578 1507 1645; x_wconf 79' lang='lat' dir='ltr'><strong>Iordanem</strong></span> 
     </span>
     <span class='ocr_line' id='line_1_13' title="bbox 186 1682 1505 1774; baseline 0.001 -24"><span class='ocrx_word' id='word_1_100' title='bbox 186 1682 374 1751; x_wconf 87' lang='lat' dir='ltr'><strong>deduxerat</strong></span> <span class='ocrx_word' id='word_1_101' title='bbox 388 1685 572 1774; x_wconf 87' lang='lat' dir='ltr'><strong>populum,</strong></span> <span class='ocrx_word' id='word_1_102' title='bbox 594 1685 771 1752; x_wconf 90' lang='lat' dir='ltr'><strong>divisionis</strong></span> <span class='ocrx_word' id='word_1_103' title='bbox 785 1685 1030 1753; x_wconf 86' lang='lat' dir='ltr'><strong>oisiordnnicae</strong></span> <span class='ocrx_word' id='word_1_104' title='bbox 1047 1685 1189 1773; x_wconf 82' lang='lat' dir='ltr'><strong>regulae</strong></span> <span class='ocrx_word' id='word_1_105' title='bbox 1209 1683 1392 1752; x_wconf 89' lang='lat' dir='ltr'><strong>traduntur</strong></span> <span class='ocrx_word' id='word_1_106' title='bbox 1406 1689 1505 1751; x_wconf 91' lang='lat' dir='ltr'><strong>Num.</strong></span> 
     </span>
     <span class='ocr_line' id='line_1_14' title="bbox 187 1789 1508 1884; baseline -0.001 -27"><span class='ocrx_word' id='word_1_107' title='bbox 187 1797 299 1858; x_wconf 85' lang='lat'><strong>33-35.</strong></span> <span class='ocrx_word' id='word_1_108' title='bbox 329 1795 418 1868; x_wconf 84' lang='lat' dir='ltr'><strong>Quas</strong></span> <span class='ocrx_word' id='word_1_109' title='bbox 443 1792 593 1881; x_wconf 86' lang='lat' dir='ltr'><strong>complet</strong></span> <span class='ocrx_word' id='word_1_110' title='bbox 620 1797 719 1859; x_wconf 93' lang='lat' dir='ltr'><strong>Num.</strong></span> <span class='ocrx_word' id='word_1_111' title='bbox 749 1792 887 1884; x_wconf 69' lang='grc'><strong>36133,</strong></span> <span class='ocrx_word' id='word_1_112' title='bbox 915 1793 952 1859; x_wconf 91' lang='lat' dir='ltr'><strong>in</strong></span> <span class='ocrx_word' id='word_1_113' title='bbox 977 1793 1130 1860; x_wconf 80' lang='lat' dir='ltr'><strong>favorem</strong></span> <span class='ocrx_word' id='word_1_114' title='bbox 1154 1791 1304 1859; x_wconf 89' lang='lat' dir='ltr'><strong>filiarum</strong></span> <span class='ocrx_word' id='word_1_115' title='bbox 1334 1789 1508 1880; x_wconf 89' lang='lat' dir='ltr'><strong>Salphaad</strong></span> 
     </span>
     <span class='ocr_line' id='line_1_15' title="bbox 187 1897 1507 1988; baseline 0.001 -26"><span class='ocrx_word' id='word_1_116' title='bbox 187 1897 338 1986; x_wconf 89' lang='lat' dir='ltr'><strong>primum</strong></span> <span class='ocrx_word' id='word_1_117' title='bbox 364 1897 449 1976; x_wconf 85' lang='lat' dir='ltr'><strong>lata,</strong></span> <span class='ocrx_word' id='word_1_118' title='bbox 471 1920 540 1988; x_wconf 91' lang='lat' dir='ltr'><strong>qua</strong></span> <span class='ocrx_word' id='word_1_119' title='bbox 560 1905 796 1987; x_wconf 86' lang='lat' dir='ltr'><strong>praecavetur,</strong></span> <span class='ocrx_word' id='word_1_120' title='bbox 819 1921 862 1965; x_wconf 92' lang='lat' dir='ltr'><strong>ne</strong></span> <span class='ocrx_word' id='word_1_121' title='bbox 880 1899 1031 1966; x_wconf 90' lang='lat' dir='ltr'><strong>filiarum</strong></span> <span class='ocrx_word' id='word_1_122' title='bbox 1050 1898 1235 1965; x_wconf 86' lang='lat' dir='ltr'><strong>haeredum</strong></span> <span class='ocrx_word' id='word_1_123' title='bbox 1257 1897 1425 1984; x_wconf 82' lang='lat' dir='ltr'><strong>coniugiis</strong></span> <span class='ocrx_word' id='word_1_124' title='bbox 1448 1897 1507 1963; x_wconf 89' lang='lat' dir='ltr'><strong>tri-</strong></span> 
     </span>
     <span class='ocr_line' id='line_1_16' title="bbox 186 2003 679 2071; baseline 0.006 -3"><span class='ocrx_word' id='word_1_125' title='bbox 186 2003 295 2069; x_wconf 90' lang='lat' dir='ltr'><strong>buum</strong></span> <span class='ocrx_word' id='word_1_126' title='bbox 314 2005 398 2070; x_wconf 91' lang='lat' dir='ltr'><strong>tines</strong></span> <span class='ocrx_word' id='word_1_127' title='bbox 412 2003 679 2071; x_wconf 87' lang='lat' dir='ltr'><strong>confundantur.</strong></span> 
     </span>
    </p>
   </div>
   <div class='ocr_carea' id='block_1_4' title="bbox 186 2260 1509 2400">
    <p class='ocr_par' dir='ltr' id='par_1_4' title="bbox 186 2260 1509 2400">
     <span class='ocr_line' id='line_1_17' title="bbox 186 2260 1509 2312; baseline 0.002 -5"><span class='ocrx_word' id='word_1_128' title='bbox 186 2262 211 2308; x_wconf 93' lang='grc' dir='ltr'><strong>Ι.</strong></span> <span class='ocrx_word' id='word_1_129' title='bbox 229 2260 382 2310; x_wconf 80' lang='lat' dir='ltr'>POPULUS</span> <span class='ocrx_word' id='word_1_130' title='bbox 395 2263 419 2309; x_wconf 80' lang='lat' dir='ltr'>A</span> <span class='ocrx_word' id='word_1_131' title='bbox 433 2261 643 2310; x_wconf 76' lang='lat' dir='ltr'><strong>Moumaraus</strong></span> <span class='ocrx_word' id='word_1_132' title='bbox 657 2263 880 2311; x_wconf 77' lang='lat' dir='ltr'><strong>autumamus</strong></span> <span class='ocrx_word' id='word_1_133' title='bbox 898 2263 945 2310; x_wconf 86' lang='lat' dir='ltr'><strong>AD</strong></span> <span class='ocrx_word' id='word_1_134' title='bbox 960 2263 1146 2312; x_wconf 79' lang='lat' dir='ltr'><strong>LUXURIAM</strong></span> <span class='ocrx_word' id='word_1_135' title='bbox 1160 2263 1203 2310; x_wconf 83' lang='grc' dir='ltr'><strong>ΕΤ</strong></span> <span class='ocrx_word' id='word_1_136' title='bbox 1216 2260 1509 2310; x_wconf 80' lang='lat' dir='ltr'><strong>SUPERSTITIONEM</strong></span> 
     </span>
     <span class='ocr_line' id='line_1_18' title="bbox 671 2351 1027 2400; baseline 0.006 -2"><span class='ocrx_word' id='word_1_137' title='bbox 671 2351 874 2400; x_wconf 80' lang='lat' dir='ltr'>PELLICITUR</span> <span class='ocrx_word' id='word_1_138' title='bbox 889 2351 973 2400; x_wconf 77' lang='grc'><strong>111111.</strong></span> <span class='ocrx_word' id='word_1_139' title='bbox 988 2355 1027 2400; x_wconf 75' lang='grc'><strong>16.</strong></span> 
     </span>
    </p>
   </div>
   <div class='ocr_carea' id='block_1_5' title="bbox 185 2528 1510 4852">
    <p class='ocr_par' dir='ltr' id='par_1_5' title="bbox 185 2528 1510 3784">
     <span class='ocr_line' id='line_1_19' title="bbox 231 2528 1508 2616; baseline 0 -23"><span class='ocrx_word' id='word_1_140' title='bbox 231 2530 315 2616; x_wconf 74' lang='lat' dir='ltr'><strong>Arq.</strong></span> <span class='ocrx_word' id='word_1_141' title='bbox 336 2567 381 2577; x_wconf 89' lang='lat'><em>-</em></span> <span class='ocrx_word' id='word_1_142' title='bbox 397 2533 610 2615; x_wconf 80' lang='lat' dir='ltr'><strong>Suggerente</strong></span> <span class='ocrx_word' id='word_1_143' title='bbox 627 2528 768 2596; x_wconf 84' lang='lat' dir='ltr'><strong>Balaam</strong></span> <span class='ocrx_word' id='word_1_144' title='bbox 787 2529 950 2596; x_wconf 88' lang='lat' dir='ltr'><strong>mulieres</strong></span> <span class='ocrx_word' id='word_1_145' title='bbox 969 2529 1135 2596; x_wconf 90' lang='lat' dir='ltr'><strong>Moabitae</strong></span> <span class='ocrx_word' id='word_1_146' title='bbox 1156 2533 1190 2595; x_wconf 91' lang='lat' dir='ltr'><strong>et</strong></span> <span class='ocrx_word' id='word_1_147' title='bbox 1210 2529 1426 2595; x_wconf 68' lang='lat' dir='ltr'><strong>ammonitae</strong></span> <span class='ocrx_word' id='word_1_148' title='bbox 1445 2531 1508 2593; x_wconf 89' lang='lat' dir='ltr'><strong>Me-</strong></span> 
     </span>
     <span class='ocr_line' id='line_1_20' title="bbox 185 2633 1508 2724; baseline -0.001 -23"><span class='ocrx_word' id='word_1_149' title='bbox 185 2633 307 2702; x_wconf 89' lang='lat' dir='ltr'><strong>braeos</strong></span> <span class='ocrx_word' id='word_1_150' title='bbox 319 2633 482 2702; x_wconf 82' lang='lat' dir='ltr'><strong>seduxere</strong></span> <span class='ocrx_word' id='word_1_151' title='bbox 490 2634 535 2702; x_wconf 89' lang='lat' dir='ltr'><strong>ad</strong></span> <span class='ocrx_word' id='word_1_152' title='bbox 542 2636 814 2717; x_wconf 79' lang='lat' dir='ltr'><strong>fornicationem,</strong></span> <span class='ocrx_word' id='word_1_153' title='bbox 826 2658 888 2724; x_wconf 88' lang='lat' dir='ltr'><strong>per</strong></span> <span class='ocrx_word' id='word_1_154' title='bbox 899 2635 1164 2703; x_wconf 86' lang='lat' dir='ltr'><strong>fornicationem</strong></span> <span class='ocrx_word' id='word_1_155' title='bbox 1176 2634 1220 2701; x_wconf 90' lang='lat' dir='ltr'><strong>ad</strong></span> <span class='ocrx_word' id='word_1_156' title='bbox 1236 2634 1337 2724; x_wconf 91' lang='lat' dir='ltr'><strong>epula</strong></span> <span class='ocrx_word' id='word_1_157' title='bbox 1344 2656 1508 2722; x_wconf 87' lang='lat' dir='ltr'><strong>esumque</strong></span> 
     </span>
     <span class='ocr_line' id='line_1_21' title="bbox 186 2740 1509 2831; baseline 0.001 -25"><span class='ocrx_word' id='word_1_158' title='bbox 186 2740 471 2828; x_wconf 84' lang='lat' dir='ltr'><strong>idolothytorum,</strong></span> <span class='ocrx_word' id='word_1_159' title='bbox 484 2763 546 2831; x_wconf 91' lang='lat' dir='ltr'><strong>per</strong></span> <span class='ocrx_word' id='word_1_160' title='bbox 556 2741 639 2808; x_wconf 90' lang='lat' dir='ltr'><strong>haec</strong></span> <span class='ocrx_word' id='word_1_161' title='bbox 647 2741 691 2809; x_wconf 92' lang='lat' dir='ltr'><strong>ad</strong></span> <span class='ocrx_word' id='word_1_162' title='bbox 704 2742 834 2808; x_wconf 92' lang='lat' dir='ltr'><strong>cultum</strong></span> <span class='ocrx_word' id='word_1_163' title='bbox 846 2743 1128 2831; x_wconf 88' lang='lat' dir='ltr'><strong>superstitiosum.</strong></span> <span class='ocrx_word' id='word_1_164' title='bbox 1143 2745 1222 2808; x_wconf 90' lang='lat' dir='ltr'><strong>Orta</strong></span> <span class='ocrx_word' id='word_1_165' title='bbox 1235 2742 1269 2807; x_wconf 91' lang='lat' dir='ltr'><strong>in</strong></span> <span class='ocrx_word' id='word_1_166' title='bbox 1282 2763 1426 2831; x_wconf 91' lang='lat' dir='ltr'><strong>poenam</strong></span> <span class='ocrx_word' id='word_1_167' title='bbox 1439 2761 1509 2807; x_wconf 91' lang='lat' dir='ltr'><strong>sce·</strong></span> 
     </span>
     <span class='ocr_line' id='line_1_22' title="bbox 187 2846 1508 2942; baseline 0.001 -31"><span class='ocrx_word' id='word_1_168' title='bbox 187 2846 267 2914; x_wconf 91' lang='lat' dir='ltr'><strong>leris</strong></span> <span class='ocrx_word' id='word_1_169' title='bbox 285 2847 408 2936; x_wconf 79' lang='lat' dir='ltr'><strong>plaga,</strong></span> <span class='ocrx_word' id='word_1_170' title='bbox 425 2848 590 2915; x_wconf 90' lang='lat' dir='ltr'><strong>iubentur</strong></span> <span class='ocrx_word' id='word_1_171' title='bbox 607 2848 789 2938; x_wconf 90' lang='lat' dir='ltr'><strong>suspendio</strong></span> <span class='ocrx_word' id='word_1_172' title='bbox 804 2849 936 2937; x_wconf 90' lang='lat' dir='ltr'><strong>puniri,</strong></span> <span class='ocrx_word' id='word_1_173' title='bbox 955 2848 1016 2939; x_wconf 89' lang='lat' dir='ltr'><strong>qui</strong></span> <span class='ocrx_word' id='word_1_174' title='bbox 1032 2850 1081 2916; x_wconf 90' lang='lat' dir='ltr'><strong>rei</strong></span> <span class='ocrx_word' id='word_1_175' title='bbox 1099 2848 1227 2942; x_wconf 83' lang='lat' dir='ltr'><strong>fuerint</strong></span> <span class='ocrx_word' id='word_1_176' title='bbox 1248 2849 1372 2936; x_wconf 91' lang='lat' dir='ltr'><strong>reperti</strong></span> <span class='ocrx_word' id='word_1_177' title='bbox 1398 2867 1406 2913; x_wconf 91' lang='lat'>:</span> <span class='ocrx_word' id='word_1_178' title='bbox 1431 2868 1508 2913; x_wconf 92' lang='lat' dir='ltr'><strong>oum</strong></span> 
     </span>
     <span class='ocr_line' id='line_1_23' title="bbox 188 2953 1508 3044; baseline -0.002 -24"><span class='ocrx_word' id='word_1_179' title='bbox 188 2975 264 3020; x_wconf 90' lang='lat' dir='ltr'><strong>ecce</strong></span> <span class='ocrx_word' id='word_1_180' title='bbox 286 2953 438 3036; x_wconf 79' lang='lat' dir='ltr'><strong>Mambri,</strong></span> <span class='ocrx_word' id='word_1_181' title='bbox 463 2953 624 3044; x_wconf 88' lang='lat' dir='ltr'><strong>princeps</strong></span> <span class='ocrx_word' id='word_1_182' title='bbox 647 2955 834 3022; x_wconf 86' lang='lat' dir='ltr'><strong>Simeonita</strong></span> <span class='ocrx_word' id='word_1_183' title='bbox 853 2955 1016 3044; x_wconf 90' lang='lat' dir='ltr'><strong>idemque</strong></span> <span class='ocrx_word' id='word_1_184' title='bbox 1043 2955 1159 3036; x_wconf 85' lang='lat' dir='ltr'><strong>iudex,</strong></span> <span class='ocrx_word' id='word_1_185' title='bbox 1183 2954 1297 3044; x_wconf 89' lang='lat' dir='ltr'><strong>palam</strong></span> <span class='ocrx_word' id='word_1_186' title='bbox 1322 2953 1508 3020; x_wconf 82' lang='lat' dir='ltr'><strong>introduxit</strong></span> 
     </span>
     <span class='ocr_line' id='line_1_24' title="bbox 187 3059 1508 3139; baseline -0.001 -14"><span class='ocrx_word' id='word_1_187' title='bbox 187 3063 337 3126; x_wconf 91' lang='lat' dir='ltr'><strong>scortum</strong></span> <span class='ocrx_word' id='word_1_188' title='bbox 360 3062 588 3128; x_wconf 71' lang='lat' dir='ltr'><strong>ammonitam</strong></span> <span class='ocrx_word' id='word_1_189' title='bbox 609 3059 648 3127; x_wconf 92' lang='lat' dir='ltr'><strong>in</strong></span> <span class='ocrx_word' id='word_1_190' title='bbox 668 3067 790 3128; x_wconf 88' lang='lat' dir='ltr'><strong>castra.</strong></span> <span class='ocrx_word' id='word_1_191' title='bbox 810 3066 915 3139; x_wconf 86' lang='lat' dir='ltr'><strong>Quem</strong></span> <span class='ocrx_word' id='word_1_192' title='bbox 934 3061 1077 3128; x_wconf 89' lang='lat' dir='ltr'><strong>Phinees</strong></span> <span class='ocrx_word' id='word_1_193' title='bbox 1095 3059 1252 3128; x_wconf 83' lang='lat' dir='ltr'><strong>sacerdos</strong></span> <span class='ocrx_word' id='word_1_194' title='bbox 1271 3064 1404 3126; x_wconf 90' lang='lat' dir='ltr'><strong>secutus</strong></span> <span class='ocrx_word' id='word_1_195' title='bbox 1417 3059 1508 3124; x_wconf 87' lang='lat' dir='ltr'><strong>intra</strong></span> 
     </span>
     <span class='ocr_line' id='line_1_25' title="bbox 188 3165 1509 3257; baseline -0.002 -25"><span class='ocrx_word' id='word_1_196' title='bbox 188 3165 346 3254; x_wconf 88' lang='lat' dir='ltr'><strong>lupanar,</strong></span> <span class='ocrx_word' id='word_1_197' title='bbox 367 3186 445 3231; x_wconf 92' lang='lat' dir='ltr'><strong>cum</strong></span> <span class='ocrx_word' id='word_1_198' title='bbox 467 3165 528 3232; x_wconf 97' lang='grc'><strong>1113</strong></span> <span class='ocrx_word' id='word_1_199' title='bbox 548 3166 711 3233; x_wconf 88' lang='lat' dir='ltr'><strong>confodit.</strong></span> <span class='ocrx_word' id='word_1_200' title='bbox 737 3166 830 3234; x_wconf 91' lang='lat' dir='ltr'><strong>lllico</strong></span> <span class='ocrx_word' id='word_1_201' title='bbox 853 3167 959 3257; x_wconf 84' lang='lat' dir='ltr'><strong>plaga</strong></span> <span class='ocrx_word' id='word_1_202' title='bbox 978 3166 1132 3234; x_wconf 88' lang='lat' dir='ltr'><strong>cessavit.</strong></span> <span class='ocrx_word' id='word_1_203' title='bbox 1156 3170 1292 3233; x_wconf 84' lang='lat' dir='ltr'><strong>Factum</strong></span> <span class='ocrx_word' id='word_1_204' title='bbox 1314 3170 1427 3232; x_wconf 91' lang='lat' dir='ltr'><strong>autem</strong></span> <span class='ocrx_word' id='word_1_205' title='bbox 1446 3186 1509 3230; x_wconf 88' lang='lat' dir='ltr'><strong>no-</strong></span> 
     </span>
     <span class='ocr_line' id='line_1_26' title="bbox 188 3270 1508 3362; baseline 0 -26"><span class='ocrx_word' id='word_1_206' title='bbox 188 3270 375 3339; x_wconf 90' lang='lat' dir='ltr'><strong>bilissimae</strong></span> <span class='ocrx_word' id='word_1_207' title='bbox 394 3272 542 3339; x_wconf 88' lang='lat' dir='ltr'><strong>feminae</strong></span> <span class='ocrx_word' id='word_1_208' title='bbox 560 3294 594 3338; x_wconf 90' lang='lat' dir='ltr'><strong>se</strong></span> <span class='ocrx_word' id='word_1_209' title='bbox 610 3295 673 3362; x_wconf 92' lang='lat' dir='ltr'><strong>pro</strong></span> <span class='ocrx_word' id='word_1_210' title='bbox 686 3271 748 3338; x_wconf 91' lang='lat' dir='ltr'><strong>vili</strong></span> <span class='ocrx_word' id='word_1_211' title='bbox 762 3271 954 3362; x_wconf 88' lang='lat' dir='ltr'><strong>prostibulo</strong></span> <span class='ocrx_word' id='word_1_212' title='bbox 972 3272 1142 3339; x_wconf 82' lang='lat' dir='ltr'><strong>offerentis</strong></span> <span class='ocrx_word' id='word_1_213' title='bbox 1161 3278 1272 3339; x_wconf 90' lang='lat' dir='ltr'><strong>totum</strong></span> <span class='ocrx_word' id='word_1_214' title='bbox 1286 3271 1508 3337; x_wconf 90' lang='lat' dir='ltr'><strong>inimicorum</strong></span> 
     </span>
     <span class='ocr_line' id='line_1_27' title="bbox 189 3377 1510 3469; baseline -0.002 -25"><span class='ocrx_word' id='word_1_215' title='bbox 189 3377 368 3445; x_wconf 90' lang='lat' dir='ltr'><strong>consilium</strong></span> <span class='ocrx_word' id='word_1_216' title='bbox 384 3378 589 3469; x_wconf 85' lang='lat' dir='ltr'><strong>propalavit.</strong></span> <span class='ocrx_word' id='word_1_217' title='bbox 606 3384 692 3446; x_wconf 89' lang='lat' dir='ltr'><strong>Deus</strong></span> <span class='ocrx_word' id='word_1_218' title='bbox 711 3378 842 3469; x_wconf 90' lang='lat' dir='ltr'><strong>duplici</strong></span> <span class='ocrx_word' id='word_1_219' title='bbox 864 3378 1013 3469; x_wconf 91' lang='lat' dir='ltr'><strong>eloquio,</strong></span> <span class='ocrx_word' id='word_1_220' title='bbox 1036 3378 1188 3468; x_wconf 90' lang='lat' dir='ltr'><strong>primum</strong></span> <span class='ocrx_word' id='word_1_221' title='bbox 1202 3378 1351 3445; x_wconf 88' lang='lat' dir='ltr'><strong>Phineae</strong></span> <span class='ocrx_word' id='word_1_222' title='bbox 1365 3377 1510 3467; x_wconf 85' lang='lat' dir='ltr'><strong>posteris</strong></span> 
     </span>
     <span class='ocr_line' id='line_1_28' title="bbox 190 3484 1509 3576; baseline 0 -26"><span class='ocrx_word' id='word_1_223' title='bbox 190 3484 424 3575; x_wconf 86' lang='lat' dir='ltr'><strong>pontificatum</strong></span> <span class='ocrx_word' id='word_1_224' title='bbox 442 3485 480 3552; x_wconf 91' lang='lat' dir='ltr'><strong>in</strong></span> <span class='ocrx_word' id='word_1_225' title='bbox 498 3492 703 3576; x_wconf 87' lang='lat' dir='ltr'><strong>perpetuum</strong></span> <span class='ocrx_word' id='word_1_226' title='bbox 718 3485 917 3568; x_wconf 88' lang='lat' dir='ltr'><strong>confirmat,</strong></span> <span class='ocrx_word' id='word_1_227' title='bbox 938 3486 1088 3552; x_wconf 88' lang='lat' dir='ltr'><strong>secundo</strong></span> <span class='ocrx_word' id='word_1_228' title='bbox 1110 3484 1286 3566; x_wconf 55' lang='lat' dir='ltr'><strong>Hebraeis</strong></span> <span class='ocrx_word' id='word_1_229' title='bbox 1309 3490 1347 3551; x_wconf 92' lang='lat' dir='ltr'><strong>ut</strong></span> <span class='ocrx_word' id='word_1_230' title='bbox 1365 3485 1409 3552; x_wconf 88' lang='lat' dir='ltr'><strong>ab</strong></span> <span class='ocrx_word' id='word_1_231' title='bbox 1429 3490 1509 3550; x_wconf 81' lang='lat' dir='ltr'><strong>Am-</strong></span> 
     </span>
     <span class='ocr_line' id='line_1_29' title="bbox 186 3591 1506 3673; baseline -0.001 -16"><span class='ocrx_word' id='word_1_232' title='bbox 186 3591 326 3659; x_wconf 91' lang='lat' dir='ltr'><strong>monitis</strong></span> <span class='ocrx_word' id='word_1_233' title='bbox 354 3614 389 3658; x_wconf 89' lang='lat' dir='ltr'><strong>se</strong></span> <span class='ocrx_word' id='word_1_234' title='bbox 420 3593 598 3660; x_wconf 90' lang='lat' dir='ltr'><strong>retrahant</strong></span> <span class='ocrx_word' id='word_1_235' title='bbox 626 3600 659 3660; x_wconf 91' lang='lat' dir='ltr'><strong>et</strong></span> <span class='ocrx_word' id='word_1_236' title='bbox 683 3593 764 3660; x_wconf 87' lang='lat' dir='ltr'><strong>data</strong></span> <span class='ocrx_word' id='word_1_237' title='bbox 789 3593 967 3660; x_wconf 86' lang='lat' dir='ltr'><strong>occasione</strong></span> <span class='ocrx_word' id='word_1_238' title='bbox 992 3592 1035 3658; x_wconf 93' lang='lat' dir='ltr'><strong>de</strong></span> <span class='ocrx_word' id='word_1_239' title='bbox 1060 3592 1128 3658; x_wconf 88' lang='lat' dir='ltr'><strong>illis</strong></span> <span class='ocrx_word' id='word_1_240' title='bbox 1156 3591 1322 3660; x_wconf 88' lang='lat' dir='ltr'><strong>ultionem</strong></span> <span class='ocrx_word' id='word_1_241' title='bbox 1352 3596 1506 3673; x_wconf 90' lang='lat' dir='ltr'><strong>sumant,</strong></span> 
     </span>
     <span class='ocr_line' id='line_1_30' title="bbox 188 3698 353 3784; baseline -0.006 -20"><span class='ocrx_word' id='word_1_242' title='bbox 188 3698 353 3784; x_wconf 83' lang='lat' dir='ltr'><strong>iniungit.</strong></span> 
     </span>
    </p>

    <p class='ocr_par' dir='ltr' id='par_1_6' title="bbox 188 3804 1509 4852">
     <span class='ocr_line' id='line_1_31' title="bbox 236 3804 1504 3896; baseline -0.005 -26"><span class='ocrx_word' id='word_1_243' title='bbox 236 3805 319 3894; x_wconf 85' lang='lat' dir='ltr'><strong>Cap.</strong></span> <span class='ocrx_word' id='word_1_244' title='bbox 334 3807 396 3870; x_wconf 90' lang='lat' dir='ltr'><strong>XX</strong></span> <span class='ocrx_word' id='word_1_245' title='bbox 404 3807 473 3873; x_wconf 87' lang='lat' dir='ltr'><strong>Vv.</strong></span> <span class='ocrx_word' id='word_1_246' title='bbox 496 3812 511 3872; x_wconf 89' lang='lat'>1</span> <span class='ocrx_word' id='word_1_247' title='bbox 535 3833 550 3866; x_wconf 95' lang='lat'>«</span> <span class='ocrx_word' id='word_1_248' title='bbox 565 3808 767 3872; x_wconf 80' lang='lat' dir='ltr'><strong>Merebatur</strong></span> <span class='ocrx_word' id='word_1_249' title='bbox 785 3819 898 3874; x_wconf 73' lang='lat' dir='ltr'><strong>aretem</strong></span> <span class='ocrx_word' id='word_1_250' title='bbox 917 3805 965 3896; x_wconf 86' lang='lat' dir='ltr'><strong>[eo</strong></span> <span class='ocrx_word' id='word_1_251' title='bbox 985 3805 1144 3896; x_wconf 81' lang='lat' dir='ltr'><strong>ternpore]</strong></span> <span class='ocrx_word' id='word_1_252' title='bbox 1166 3805 1271 3872; x_wconf 82' lang='lat' dir='ltr'><strong>Israel</strong></span> <span class='ocrx_word' id='word_1_253' title='bbox 1289 3804 1325 3871; x_wconf 85' lang='lat' dir='ltr'><strong>in</strong></span> <span class='ocrx_word' id='word_1_254' title='bbox 1345 3804 1453 3872; x_wconf 83' lang='lat' dir='ltr'><strong>Setim</strong></span> <span class='ocrx_word' id='word_1_255' title='bbox 1476 3831 1504 3886; x_wconf 73' lang='lat' dir='ltr'><strong>a,</strong></span> 
     </span>
     <span class='ocr_line' id='line_1_32' title="bbox 188 3911 1509 4000; baseline -0.002 -23"><span class='ocrx_word' id='word_1_256' title='bbox 188 3917 343 4000; x_wconf 90' lang='lat' dir='ltr'><strong>tempore</strong></span> <span class='ocrx_word' id='word_1_257' title='bbox 360 3934 435 3978; x_wconf 81' lang='lat' dir='ltr'><strong>mox</strong></span> <span class='ocrx_word' id='word_1_258' title='bbox 456 3911 726 3994; x_wconf 84' lang='lat' dir='ltr'><strong>narrandorum,</strong></span> <span class='ocrx_word' id='word_1_259' title='bbox 744 3935 813 3980; x_wconf 89' lang='lat' dir='ltr'><strong>non</strong></span> <span class='ocrx_word' id='word_1_260' title='bbox 827 3913 1018 3980; x_wconf 89' lang='lat' dir='ltr'><strong>necessario</strong></span> <span class='ocrx_word' id='word_1_261' title='bbox 1033 3914 1135 3980; x_wconf 90' lang='lat' dir='ltr'><strong>etiam</strong></span> <span class='ocrx_word' id='word_1_262' title='bbox 1152 3917 1382 3979; x_wconf 90' lang='lat' dir='ltr'><strong>narratorum.</strong></span> <span class='ocrx_word' id='word_1_263' title='bbox 1399 3914 1454 3976; x_wconf 85' lang='lat' dir='ltr'><strong>Est</strong></span> <span class='ocrx_word' id='word_1_264' title='bbox 1470 3931 1509 3974; x_wconf 88' lang='lat' dir='ltr'><strong>ea</strong></span> 
     </span>
     <span class='ocr_line' id='line_1_33' title="bbox 189 4015 1509 4109; baseline -0.003 -25"><span class='ocrx_word' id='word_1_265' title='bbox 189 4017 309 4085; x_wconf 90' lang='lat' dir='ltr'><strong>ultima</strong></span> <span class='ocrx_word' id='word_1_266' title='bbox 323 4018 423 4084; x_wconf 88' lang='lat' dir='ltr'><strong>statio</strong></span> <span class='ocrx_word' id='word_1_267' title='bbox 438 4023 551 4100; x_wconf 77' lang='lat' dir='ltr'><strong>33‚t9‚</strong></span> <span class='ocrx_word' id='word_1_268' title='bbox 574 4018 711 4109; x_wconf 92' lang='lat' dir='ltr'><strong>quando</strong></span> <span class='ocrx_word' id='word_1_269' title='bbox 728 4027 839 4088; x_wconf 87' lang='lat' dir='ltr'><strong>castra</strong></span> <span class='ocrx_word' id='word_1_270' title='bbox 859 4043 877 4087; x_wconf 91' lang='lat' dir='ltr'><strong>e</strong></span> <span class='ocrx_word' id='word_1_271' title='bbox 897 4019 1039 4107; x_wconf 81' lang='lat' dir='ltr'><strong>regione</strong></span> <span class='ocrx_word' id='word_1_272' title='bbox 1060 4019 1260 4087; x_wconf 90' lang='lat' dir='ltr'><strong>lerichuntis</strong></span> <span class='ocrx_word' id='word_1_273' title='bbox 1278 4023 1373 4083; x_wconf 87' lang='lat' dir='ltr'><strong>trans</strong></span> <span class='ocrx_word' id='word_1_274' title='bbox 1392 4015 1509 4082; x_wconf 88' lang='lat' dir='ltr'><strong>lorda-</strong></span> 
     </span>
     <span class='ocr_line' id='line_1_34' title="bbox 189 4121 1508 4216; baseline -0.002 -26"><span class='ocrx_word' id='word_1_275' title='bbox 189 4145 266 4190; x_wconf 91' lang='lat' dir='ltr'><strong>nem</strong></span> <span class='ocrx_word' id='word_1_276' title='bbox 288 4123 400 4214; x_wconf 89' lang='lat' dir='ltr'><strong>posita</strong></span> <span class='ocrx_word' id='word_1_277' title='bbox 419 4124 688 4193; x_wconf 84' lang='lat' dir='ltr'><strong>extendebantur</strong></span> <span class='ocrx_word' id='word_1_278' title='bbox 706 4148 727 4193; x_wconf 91' lang='grc'><strong>3</strong></span> <span class='ocrx_word' id='word_1_279' title='bbox 745 4126 832 4194; x_wconf 88' lang='lat' dir='ltr'><strong>Beth</strong></span> <span class='ocrx_word' id='word_1_280' title='bbox 855 4127 1017 4194; x_wconf 90' lang='lat' dir='ltr'><strong>lesimoth</strong></span> <span class='ocrx_word' id='word_1_281' title='bbox 1038 4147 1145 4216; x_wconf 88' lang='lat' dir='ltr'><strong>usque</strong></span> <span class='ocrx_word' id='word_1_282' title='bbox 1169 4124 1252 4190; x_wconf 74' lang='lat' dir='ltr'><strong>Abel</strong></span> <span class='ocrx_word' id='word_1_283' title='bbox 1272 4122 1435 4190; x_wconf 78' lang='lat' dir='ltr'><strong>het-Setim</strong></span> <span class='ocrx_word' id='word_1_284' title='bbox 1455 4121 1508 4188; x_wconf 89' lang='lat' dir='ltr'><strong>vel</strong></span> 
     </span>
     <span class='ocr_line' id='line_1_35' title="bbox 192 4227 1508 4322; baseline 0.002 -30"><span class='ocrx_word' id='word_1_285' title='bbox 192 4259 207 4292; x_wconf 74' lang='lat' dir='ltr'><strong>a</strong></span> <span class='ocrx_word' id='word_1_286' title='bbox 229 4230 357 4296; x_wconf 89' lang='lat' dir='ltr'><strong>vallem</strong></span> <span class='ocrx_word' id='word_1_287' title='bbox 376 4231 479 4297; x_wconf 90' lang='lat' dir='ltr'><strong>Setim</strong></span> <span class='ocrx_word' id='word_1_288' title='bbox 501 4259 517 4294; x_wconf 75' lang='lat' dir='ltr'><strong>a</strong></span> <span class='ocrx_word' id='word_1_289' title='bbox 543 4231 622 4318; x_wconf 83' lang='lat' dir='ltr'><strong>(loel</strong></span> <span class='ocrx_word' id='word_1_290' title='bbox 643 4240 661 4298; x_wconf 91' lang='lat'><strong>3</strong></span> <span class='ocrx_word' id='word_1_291' title='bbox 684 4233 741 4319; x_wconf 69' lang='grc'><strong>111,</strong></span> <span class='ocrx_word' id='word_1_292' title='bbox 768 4233 836 4322; x_wconf 85' lang='grc'><strong>18),</strong></span> <span class='ocrx_word' id='word_1_293' title='bbox 854 4235 910 4300; x_wconf 91' lang='grc'><strong>331</strong></span> <span class='ocrx_word' id='word_1_294' title='bbox 929 4253 1056 4300; x_wconf 90' lang='lat' dir='ltr'><strong>nomeu</strong></span> <span class='ocrx_word' id='word_1_295' title='bbox 1075 4253 1155 4299; x_wconf 88' lang='lat' dir='ltr'><strong>sane</strong></span> <span class='ocrx_word' id='word_1_296' title='bbox 1171 4238 1244 4296; x_wconf 89' lang='lat' dir='ltr'><strong>erat</strong></span> <span class='ocrx_word' id='word_1_297' title='bbox 1262 4229 1306 4296; x_wconf 91' lang='lat' dir='ltr'><strong>ab</strong></span> <span class='ocrx_word' id='word_1_298' title='bbox 1326 4227 1508 4296; x_wconf 89' lang='lat' dir='ltr'><strong>arboribus</strong></span> 
     </span>
     <span class='ocr_line' id='line_1_36' title="bbox 189 4335 1509 4428; baseline -0.001 -26"><span class='ocrx_word' id='word_1_299' title='bbox 189 4335 294 4402; x_wconf 91' lang='lat' dir='ltr'><strong>Setim</strong></span> <span class='ocrx_word' id='word_1_300' title='bbox 319 4341 389 4424; x_wconf 80' lang='lat' dir='ltr'><strong>(Ex.</strong></span> <span class='ocrx_word' id='word_1_301' title='bbox 419 4343 498 4418; x_wconf 75' lang='lat'><strong>25,5</strong></span> <span class='ocrx_word' id='word_1_302' title='bbox 522 4338 617 4427; x_wconf 78' lang='lat' dir='ltr'><strong>etc),</strong></span> <span class='ocrx_word' id='word_1_303' title='bbox 643 4339 798 4405; x_wconf 90' lang='lat' dir='ltr'><strong>mimosis</strong></span> <span class='ocrx_word' id='word_1_304' title='bbox 823 4339 981 4406; x_wconf 89' lang='lat' dir='ltr'><strong>niloticis.</strong></span> <span class='ocrx_word' id='word_1_305' title='bbox 1015 4338 1064 4404; x_wconf 92' lang='lat' dir='ltr'><strong>lbi</strong></span> <span class='ocrx_word' id='word_1_306' title='bbox 1093 4335 1310 4428; x_wconf 87' lang='lat' dir='ltr'><strong>postmodum</strong></span> <span class='ocrx_word' id='word_1_307' title='bbox 1336 4335 1509 4402; x_wconf 89' lang='lat' dir='ltr'><strong>residebat</strong></span> 
     </span>
     <span class='ocr_line' id='line_1_37' title="bbox 190 4441 1508 4532; baseline 0 -25"><span class='ocrx_word' id='word_1_308' title='bbox 190 4445 284 4508; x_wconf 92' lang='lat' dir='ltr'><strong>losue</strong></span> <span class='ocrx_word' id='word_1_309' title='bbox 310 4446 370 4508; x_wconf 91' lang='lat' dir='ltr'><strong>los.</strong></span> <span class='ocrx_word' id='word_1_310' title='bbox 398 4448 472 4526; x_wconf 75' lang='lat'><strong>2‚1;</strong></span> <span class='ocrx_word' id='word_1_311' title='bbox 502 4449 576 4529; x_wconf 88' lang='lat'><strong>3,1;</strong></span> <span class='ocrx_word' id='word_1_312' title='bbox 602 4445 673 4511; x_wconf 89' lang='lat' dir='ltr'><strong>sine</strong></span> <span class='ocrx_word' id='word_1_313' title='bbox 703 4444 809 4511; x_wconf 88' lang='lat' dir='ltr'><strong>dubio</strong></span> <span class='ocrx_word' id='word_1_314' title='bbox 835 4445 883 4512; x_wconf 92' lang='lat' dir='ltr'><strong>ib.</strong></span> <span class='ocrx_word' id='word_1_315' title='bbox 913 4443 1084 4511; x_wconf 89' lang='lat' dir='ltr'><strong>residebat</strong></span> <span class='ocrx_word' id='word_1_316' title='bbox 1107 4447 1248 4532; x_wconf 87' lang='lat' dir='ltr'><strong>Moyse&#39;s,</strong></span> <span class='ocrx_word' id='word_1_317' title='bbox 1272 4443 1353 4509; x_wconf 89' lang='lat' dir='ltr'><strong>dum</strong></span> <span class='ocrx_word' id='word_1_318' title='bbox 1375 4441 1508 4530; x_wconf 88' lang='lat' dir='ltr'><strong>reliqua</strong></span> 
     </span>
     <span class='ocr_line' id='line_1_38' title="bbox 190 4547 1508 4641; baseline -0.001 -25"><span class='ocrx_word' id='word_1_319' title='bbox 190 4552 299 4616; x_wconf 89' lang='lat' dir='ltr'><strong>castra</strong></span> <span class='ocrx_word' id='word_1_320' title='bbox 320 4571 426 4639; x_wconf 89' lang='lat' dir='ltr'><strong>usque</strong></span> <span class='ocrx_word' id='word_1_321' title='bbox 446 4549 531 4616; x_wconf 89' lang='lat' dir='ltr'><strong>Beth</strong></span> <span class='ocrx_word' id='word_1_322' title='bbox 554 4550 715 4617; x_wconf 90' lang='lat' dir='ltr'><strong>lesimoth</strong></span> <span class='ocrx_word' id='word_1_323' title='bbox 740 4551 1041 4641; x_wconf 85' lang='lat' dir='ltr'><strong>protenderentur.</strong></span> <span class='ocrx_word' id='word_1_324' title='bbox 1064 4555 1153 4637; x_wconf 82' lang='lat' dir='ltr'><strong>Ergo</strong></span> <span class='ocrx_word' id='word_1_325' title='bbox 1175 4549 1318 4616; x_wconf 91' lang='lat' dir='ltr'><strong>nomina</strong></span> <span class='ocrx_word' id='word_1_326' title='bbox 1336 4571 1424 4639; x_wconf 92' lang='lat' dir='ltr'><strong>quae</strong></span> <span class='ocrx_word' id='word_1_327' title='bbox 1449 4547 1508 4615; x_wconf 91' lang='lat' dir='ltr'><strong>de-</strong></span> 
     </span>
     <span class='ocr_line' id='line_1_39' title="bbox 189 4655 1508 4747; baseline 0.002 -27"><span class='ocrx_word' id='word_1_328' title='bbox 189 4655 386 4723; x_wconf 88' lang='lat' dir='ltr'><strong>scribuntur</strong></span> <span class='ocrx_word' id='word_1_329' title='bbox 408 4655 595 4723; x_wconf 86' lang='lat' dir='ltr'><strong>stationum</strong></span> <span class='ocrx_word' id='word_1_330' title='bbox 615 4658 690 4723; x_wconf 89' lang='lat' dir='ltr'><strong>loca</strong></span> <span class='ocrx_word' id='word_1_331' title='bbox 713 4657 872 4738; x_wconf 89' lang='lat' dir='ltr'><strong>tradunt,</strong></span> <span class='ocrx_word' id='word_1_332' title='bbox 887 4657 925 4724; x_wconf 90' lang='lat' dir='ltr'><strong>in</strong></span> <span class='ocrx_word' id='word_1_333' title='bbox 948 4656 1073 4747; x_wconf 92' lang='lat' dir='ltr'><strong>quibus</strong></span> <span class='ocrx_word' id='word_1_334' title='bbox 1091 4657 1317 4723; x_wconf 87' lang='lat' dir='ltr'><strong>versabantur</strong></span> <span class='ocrx_word' id='word_1_335' title='bbox 1331 4659 1454 4742; x_wconf 81' lang='lat' dir='ltr'><strong>Moyses</strong></span> <span class='ocrx_word' id='word_1_336' title='bbox 1475 4661 1508 4723; x_wconf 90' lang='lat' dir='ltr'><strong>et</strong></span> 
     </span>
     <span class='ocr_line' id='line_1_40' title="bbox 189 4761 1506 4852; baseline 0 -25"><span class='ocrx_word' id='word_1_337' title='bbox 189 4782 285 4844; x_wconf 90' lang='lat' dir='ltr'><strong>arca,</strong></span> <span class='ocrx_word' id='word_1_338' title='bbox 308 4763 442 4852; x_wconf 88' lang='lat' dir='ltr'><strong>reliqua</strong></span> <span class='ocrx_word' id='word_1_339' title='bbox 455 4769 565 4830; x_wconf 88' lang='lat' dir='ltr'><strong>castra</strong></span> <span class='ocrx_word' id='word_1_340' title='bbox 583 4784 654 4829; x_wconf 93' lang='lat' dir='ltr'><strong>non</strong></span> <span class='ocrx_word' id='word_1_341' title='bbox 669 4785 746 4829; x_wconf 90' lang='lat' dir='ltr'><strong>raro</strong></span> <span class='ocrx_word' id='word_1_342' title='bbox 765 4763 809 4830; x_wconf 91' lang='lat' dir='ltr'><strong>ad</strong></span> <span class='ocrx_word' id='word_1_343' title='bbox 824 4763 900 4830; x_wconf 87' lang='lat' dir='ltr'><strong>loca</strong></span> <span class='ocrx_word' id='word_1_344' title='bbox 914 4761 1177 4852; x_wconf 81' lang='lat' dir='ltr'><strong>pertingebant,</strong></span> <span class='ocrx_word' id='word_1_345' title='bbox 1195 4784 1282 4851; x_wconf 90' lang='lat' dir='ltr'><strong>quae</strong></span> <span class='ocrx_word' id='word_1_346' title='bbox 1302 4761 1376 4828; x_wconf 92' lang='lat' dir='ltr'><strong>aliis</strong></span> <span class='ocrx_word' id='word_1_347' title='bbox 1396 4762 1506 4828; x_wconf 92' lang='lat' dir='ltr'><strong>nomi-</strong></span> 
     </span>
    </p>
   </div>
   <div class='ocr_carea' id='block_1_6' title="bbox 0 0 1785 5406">
    <p class='ocr_par' dir='ltr' id='par_1_7' title="bbox 0 0 1785 5406">
     <span class='ocr_line' id='line_1_41' title="bbox 0 0 1785 5406; baseline 0 0"><span class='ocrx_word' id='word_1_348' title='bbox 0 0 1785 5406; x_wconf 95' lang='lat' dir='ltr'><strong> </strong></span> 
     </span>
    </p>
   </div>
  </div>
 </body>
</html>
