3538 5404
260 383 279 438 t
628 363 630 368 ’
813 387 1033 434 ruraonucrro.

255 529 426 618 pheticam
448 525 699 594 auctoritatem.
720 524 812 591 Unde
827 523 897 590 iam
908 523 981 612 ipse
997 526 1123 610 Moyses
1137 523 1251 588 animo
1267 521 1416 611 deprimi
1432 529 1581 613 coeptus

256 640 320 717 est,
347 635 407 723 qui
432 633 476 699 ad
499 633 612 722 ipsum
633 637 745 697 terrae
772 631 960 719 promissae
986 627 1249 696 meridionalem
1270 627 1415 695 limitem
1440 628 1578 696 delatus

254 741 339 807 illud
359 741 460 807 lahve
476 739 693 829 permittente
718 736 837 827 populi
853 734 1107 826 importunitati
1126 733 1309 816 concessit,
1325 740 1364 800 ut
1378 735 1581 824 praemitte-

255 853 373 914 rentur
388 847 447 937 qui
467 852 593 911 terram
616 843 847 933 explorarent.
867 841 933 909 Sed
956 848 997 909 to
1017 841 1153 908 dierum
1174 843 1284 907 otium
1304 841 1580 930 exspectantibus

255 953 509 1043 exploratorum
525 949 673 1016 reditum
689 949 824 1016 exitiale
841 949 918 1016 fuit.
941 948 1069 1026 Quibus
1084 946 1228 1014 reversis
1243 953 1317 1014 orta
1332 955 1381 1014 est
1399 947 1503 1016 totius
1515 971 1579 1037 po·

255 1060 329 1150 puli
343 1058 465 1127 seditio
483 1057 608 1124 itinera
623 1063 657 1122 et
669 1077 802 1146 pugnas
816 1054 1075 1122 fastidientium.
1093 1059 1180 1132 Quos
1198 1059 1359 1144 portento
1373 1055 1515 1143 quidem
1534 1055 1583 1121 ad

255 1165 458 1254 obsequium
476 1162 649 1231 revocavit
663 1162 783 1244 lahvc,
806 1161 917 1229 sanxit
936 1165 1051 1228 autem
1066 1165 1103 1226 ut
1117 1161 1289 1247 ingressus
1313 1165 1424 1228 terrae
1439 1169 1576 1229 sanctae

257 1271 300 1338 ad
317 1279 359 1340 38
381 1292 489 1338 annos
514 1269 723 1350 differretur,
748 1267 871 1349 donec,
896 1269 956 1357 qui
984 1268 1021 1334 in
1047 1290 1088 1334 ea
1115 1267 1281 1334 seditione
1306 1265 1425 1334 adulta
1441 1269 1582 1334 fuerant

255 1384 384 1458 aetate,
400 1399 520 1445 omnes
539 1396 738 1465 supremum
757 1374 849 1442 diem
869 1374 1045 1448 obiissent.
1064 1373 1208 1450 Quidam
1223 1375 1294 1441 cius
1309 1373 1496 1440 sententiae
1509 1378 1580 1440 ter-

257 1507 336 1552 rore
353 1483 516 1574 impulsi,
541 1487 580 1548 ut
599 1481 801 1548 dehortante
816 1485 923 1569 Moyse
943 1481 1037 1547 illico
1060 1481 1280 1549 chananaeos
1293 1479 1578 1566 aggrederentur,

257 1589 385 1657 abillis
402 1589 437 1655 in
453 1589 572 1676 fugam
589 1587 655 1655 acti
667 1593 759 1654 sunt.
781 1593 865 1654 Tum
885 1588 1127 1676 promulgatae
1144 1587 1239 1673 leges
1252 1585 1388 1676 aliquae
1405 1589 1505 1653 Mum.
1525 1594 1578 1668 15,

255 1719 297 1764 ea
312 1695 505 1786 imprimiS,
527 1717 595 1784 qua
617 1716 681 1784 pro
704 1700 857 1784 tempore
879 1693 1155 1760 commorationis
1178 1692 1216 1759 in
1239 1692 1371 1758 deserto
1393 1692 1581 1782 suspende-

254 1803 357 1868 batur
370 1801 538 1888 obligatio
558 1799 725 1876 offerendi
744 1801 911 1866 frumenti
927 1799 1047 1865 etvini
1068 1821 1136 1865 una
1155 1820 1233 1866 cum
1250 1797 1456 1865 holocaustis
1475 1805 1507 1865 et
1523 1821 1582 1890 pa-

254 1907 376 1990 cificis,
404 1929 445 1974 ea
466 1906 567 1982 item,
589 1929 678 1996 quae
697 1905 741 1972 ad
766 1903 1032 1996 compescendos
1054 1904 1187 1971 animos
1205 1904 1420 1972 turbulentos
1434 1927 1581 1994 poenam

255 2013 433 2081 sanciebat
454 2017 677 2103 peccatorum
702 2011 871 2078 malitiose
899 2011 1160 2102 commissorum
1185 2017 1329 2078 mortem
1349 2010 1497 2078 civilem.
1515 2010 1581 2078 Sed

257 2119 364 2186 animi
394 2121 582 2209 exasperati
613 2120 682 2185 iam
712 2118 847 2204 legibus
878 2125 913 2185 et
943 2119 1064 2206 poenis
1097 2117 1251 2185 cohiberi
1279 2116 1375 2184 haud
1407 2123 1579 2207 poterant.

256 2231 377 2294 Exorta
398 2231 448 2292 est
467 2225 666 2292 turbulenta
690 2225 874 2292 levitarum
897 2228 930 2290 et
949 2223 1196 2290 Rubenitarum
1220 2223 1357 2304 seditio,
1378 2222 1518 2291 illorum
1533 2247 1583 2290 sa-

256 2332 467 2413 cerdotium,
499 2332 625 2398 horum
652 2330 887 2421 principatum
912 2329 1154 2398 ambientium.
1181 2334 1220 2396 Et
1238 2329 1415 2397 seditionis
1437 2331 1578 2420 quidem

255 2439 365 2528 capita
394 2438 567 2506 horrenda
590 2443 699 2504 morte
722 2437 896 2526 absumpti
923 2443 1012 2503 sunt.
1035 2441 1160 2503 Verum
1186 2458 1332 2526 sequens
1360 2436 1432 2505 dies
1455 2459 1578 2504 novam

256 2545 379 2611 habuit
398 2543 612 2625 seditionem,
637 2565 716 2610 cum
736 2543 806 2610 iam
828 2543 978 2633 populus
997 2548 1132 2628 Moysen
1152 2549 1185 2608 et
1209 2547 1378 2610 Aaronem
1401 2550 1578 2632 tamquam

256 2672 394 2718 suorum
411 2649 580 2716 malorum
602 2671 707 2715 unam
728 2669 866 2717 causam
887 2647 1147 2716 detestarentur.
1166 2649 1364 2738 Composita
1386 2650 1483 2716 fuere
1501 2671 1582 2739 por·

198 2770 200 2774 ’
256 2761 350 2824 tento
374 2757 493 2842 virgae
516 2755 669 2822 florentis
690 2752 971 2844 sapientibusque
995 2753 1074 2821 latis
1097 2754 1232 2841 legibus
1251 2755 1432 2823 levitarum
1461 2762 1582 2823 contra

247 2866 389 2950 ‘Moysen
407 2868 440 2928 et
462 2867 630 2928 Aaronem
654 2861 805 2930 dissidia.
835 2859 1056 2950 Reliquorum
1077 2860 1255 2928 fastidium
1278 2883 1389 2952 prope
1419 2862 1581 2930 Cadesam

258 2990 376 3035 rursus
397 2969 557 3057 prorupit
571 2968 607 3034 in
628 2988 819 3036 murmura.

303 3074 492 3142 Plurimum
512 3074 669 3141 defuerat
682 3075 830 3164 populus
844 3073 909 3140 sibi
927 3095 935 3142 :
955 3072 1109 3140 nondum
1126 3071 1282 3142 defuerat
1296 3075 1425 3164 populo
1439 3080 1578 3164 Moyses.

258 3183 494 3272 Impatientius
512 3187 611 3248 Num.
632 3189 669 3248 11
688 3181 808 3271 populi
821 3180 979 3270 querelas
990 3180 1116 3246 tulerat
1132 3181 1221 3270 ipse;
1236 3180 1495 3270 deprimebatur
1507 3183 1581 3271 plu-

255 3287 384 3354 rimum
403 3290 525 3355 Mariae
544 3293 578 3354 et
597 3289 738 3354 aaronis
753 3287 941 3377 obloquiis3
962 3286 1136 3354 infelicius
1156 3296 1386 3372 concesserat,
1409 3294 1448 3355 ut
1465 3288 1582 3378 explo-

260 3399 390 3460 ratores
413 3394 450 3460 in
477 3393 752 3460 Chanaanitiden
776 3394 1098 3483 praemitterentur;
1124 3394 1361 3483 impatientius
1384 3395 1421 3461 in
1446 3395 1517 3461 dies
1535 3395 1583 3462 fc-

261 3498 359 3566 rebat
372 3501 492 3588 populi
503 3505 579 3589 post
592 3504 644 3567 tot
658 3500 792 3566 favores
804 3499 1043 3589 pervicaciam.
1059 3499 1209 3566 Tandem
1225 3499 1336 3569 defuit
1344 3507 1468 3588 Moyses
1478 3502 1581 3567 etiam

260 3611 340 3673 Deo.
362 3611 401 3672 ln
414 3605 475 3671 illo
495 3606 588 3695 apud
604 3606 767 3700 Cadosam
787 3628 964 3672 murmure
983 3607 1052 3673 iam
1066 3605 1349 3695 impetraverat'a
1368 3609 1470 3674 lahve
1489 3612 1581 3694 Moy-

170 3764 174 3776 .
253 3734 325 3792 ses,
342 3718 381 3777 ut
403 3713 502 3801 aquis
521 3711 562 3778 de
582 3735 668 3801 rupe
688 3712 810 3778 elicitis
832 3719 1011 3802 potaretur
1033 3712 1196 3801 populus,
1214 3735 1292 3779 cunr
1318 3713 1433 3780 taedio
1454 3715 1581 3780 fractus

258 3811 455 3908 coepitipse
471 3818 514 3885 de
528 3819 630 3885 lahve
650 3820 688 3885 in
703 3820 871 3910 populum
891 3818 1150 3905 longanimitate
1170 3827 1203 3886 et
1221 3819 1457 3886 misericordia
1477 3818 1582 3886 dubi-

258 3932 346 4006 tare,
369 3930 472 4014 atque
496 3924 591 3991 illico
614 3947 715 4014 rupes
742 3925 842 4011 virga
856 3946 1016 4014 percussa
1037 3947 1144 4014 aquas
1168 3925 1377 4016 profundere
1395 3926 1578 3993 recusavit.

305 4031 370 4097 Hr'c
387 4031 488 4098 totius
503 4031 716 4098 narrationis
728 4053 829 4120 oper.
841 4035 956 4120 Neque
969 4037 1087 4098 tamen
1101 4033 1139 4098 in
1153 4037 1249 4099 tanta
1263 4031 1457 4100 calamitate
1471 4033 1582 4100 defuit

262 4139 332 4230 suis
355 4139 470 4204 lahve.
491 4143 617 4225 Moyses
636 4138 680 4205 ad
702 4139 872 4206 saniorem
892 4144 1043 4206 mentem
1067 4147 1242 4205 revocatus
1256 4140 1425 4228 percussit
1447 4150 1580 4230 petram

261 4241 409 4310 secundo
430 4249 463 4310 et
477 4243 636 4334 prorupit
658 4267 760 4334 aqua.
778 4245 928 4311 Sancivit
944 4251 1059 4312 tamen
1075 4245 1192 4327 lahve,
1214 4252 1252 4311 ut
1269 4245 1308 4312 in
1322 4246 1489 4315 admissae
1502 4245 1581 4312 infi-

261 4349 410 4416 delitatis
421 4373 568 4440 poenam
584 4359 616 4419 et
639 4355 765 4440 Moyses
779 4359 813 4419 et
831 4356 943 4418 Aaron
965 4351 1010 4418 ab
1023 4353 1181 4438 ingressu
1196 4357 1307 4420 terrae
1323 4355 1508 4444 promissae
1523 4375 1580 4419 ex-

262 4456 494 4540 cluderentur,
513 4457 547 4522 in
564 4457 713 4526 eundem
727 4459 841 4526 locum
863 4479 920 4524 eos
937 4458 1069 4544 relegat
1084 4464 1186 4547 atque
1201 4460 1386 4549 populum,
1404 4461 1462 4550 qui
1480 4466 1579 4542 flant)

261 4586 312 4653 sq.
330 4586 351 4631 a
366 4563 434 4629 fide
452 4562 634 4635 defecerat.
650 4564 801 4632 Tandem
822 4570 897 4654 post
916 4571 958 4631 37
979 4587 1146 4632 annorum
1162 4565 1329 4634 iustitium
1347 4565 1532 4634 resumitur
1547 4575 1580 4633 et
1676 4581 1682 4590 '

261 4669 359 4737 brevi
378 4669 568 4739 absolvitur
582 4671 618 4737 in
633 4670 902 4740 Chanaanitiden
929 4670 1007 4738 iter.
1027 4667 1134 4739 Citato
1152 4672 1281 4763 quippe
1300 4675 1421 4740 itinere
1438 4672 1580 4740 deveni-

261 4783 318 4843 tur
339 4776 382 4844 ad
402 4776 598 4861 Iordanem,
621 4779 702 4845 fusis
721 4777 950 4846 amorrhaeis
972 4783 1011 4845 ln
1033 4779 1122 4846 facto
1141 4779 1281 4847 Balaam
1303 4785 1336 4846 et
1360 4781 1481 4868 Moysis
1496 4802 1574 4868 pro-
