3538 5404
284 415 322 473 56
709 431 785 474 scra
807 429 956 476 siunins
977 427 1169 473 rosramom.

279 562 393 654 pallos
407 563 581 630 columbae
595 561 764 630 sacerdoti
779 563 815 630 in
828 562 972 629 introita
981 560 1131 648 foederis
1148 563 1336 631 testimonii
1354 584 1388 642 »ς
1404 587 1437 629 v.
1457 571 1495 630 11
1515 592 1531 625 «
1542 569 1599 655 fo·

283 669 415 759 cietque
426 669 583 736 sacerdos
601 691 709 736 anam
722 693 784 758 pro
793 683 937 760 peccato
957 682 990 734 et
1003 672 1150 736 alteram
1164 671 1200 736 in
1214 670 1469 757 holocaustam,
1488 683 1519 737 et
1539 670 1599 738 ole-

276 777 477 866 precabitur
487 799 552 867 pro
574 799 630 859 co,
647 776 731 866 arria
739 777 894 866 peccauit
913 798 1015 865 saper
1038 787 1172 842 niortao
1199 804 1229 842 n.
1255 777 1353 845 Vides
1369 777 1427 844 hic
1448 776 1598 844 indolem

280 883 415 971 peccati
430 883 569 969 legalis,
586 883 677 974 quod
701 883 739 949 in
762 883 827 949 hoc
851 905 932 951 casu
948 889 998 949 est
1012 882 1114 972 plane
1133 882 1419 950 involuntarium.
1442 888 1599 951 Ceterum

284 989 349 1054 hoc
363 994 539 1078 peceatum
560 994 609 1055 est
629 989 671 1056 de
682 989 738 1071 iis,
757 1011 845 1079 quae
864 989 1004 1056 veniunt
1019 988 1171 1076 sublege
1187 994 1264 1056 Lev.
1285 997 1343 1071 53
1355 1013 1405 1080 sq.
1419 1013 1426 1072 ;
1442 995 1476 1056 et
1494 991 1599 1057 habe-

283 1102 340 1161 tur
353 1095 454 1162 etiam
471 1096 639 1183 confessio
645 1149 655 1181 ,
675 1119 753 1163 eum
768 1117 954 1162 nazaraeus
977 1094 1036 1162 ille
1058 1095 1180 1162 debeat
1197 1097 1366 1164 sacerdoti
1382 1097 1599 1164 manifestare

283 1201 527 1286 calamitatem,
553 1225 656 1292 quam
673 1225 796 1292 ‚passus
816 1207 876 1270 est.
902 1230 918 1263 «
940 1202 1244 1292 Sanctificabitqae
1264 1216 1369 1294 capra
1388 1203 1461 1269 cias
1486 1203 1522 1270 in
1546 1203 1599 1270 die

284 1308 344 1376 illo
358 1337 392 1389 u,
411 1311 482 1376 eius
495 1309 785 1376 consecrationem
798 1309 994 1394 renovabit,
1010 1330 1079 1375 non
1095 1310 1186 1376 enim
1202 1310 1245 1375 ob
1258 1309 1355 1376 illam
1371 1309 1599 1380 calamitatem

283 1417 332 1482 las
352 1421 403 1481 est
417 1437 585 1482 nazaraeo
600 1437 621 1482 a
637 1438 698 1482 suo
724 1421 800 1482 voto
815 1415 958 1482 resilire.
982 1419 1098 1481 Cuma
1115 1414 1226 1482 tribus
1248 1416 1516 1503 obligationibus
1537 1438 1600 1483 na-

283 1544 484 1589 zaraeorum
506 1544 575 1588 una
595 1522 656 1588 illa
678 1520 721 1589 de
742 1543 811 1589 non
833 1521 1009 1588 tondenda
1023 1522 1173 1588 caesarie
1189 1530 1274 1590 esset
1288 1544 1424 1613 semper
1438 1521 1597 1600 visibilia,

283 1628 390 1695 evasit
408 1651 447 1694 ea
475 1629 613 1714 signum
638 1635 816 1696 externum
836 1635 1074 1710 nazaraeatus,
1101 1637 1248 1718 apteque
1271 1630 1328 1695 hic
1352 1631 1436 1696 ritus
1458 1635 1600 1695 vocatur

283 1735 510 1821 sanctificatio
527 1735 660 1824 capitis.
686 1741 730 1802 Ex
749 1757 788 1802 eo
808 1758 906 1818 vero,
924 1735 1016 1825 quod
1035 1736 1069 1801 in
1090 1734 1265 1802 Samsonis
1288 1735 1376 1824 (lud.
1404 1743 1443 1804 13
1460 1735 1551 1824 sqq.)
1569 1742 1600 1801 et

283 1840 448 1908 Samuelis
477 1841 507 1930 (l
533 1847 615 1928 Reg.
645 1849 717 1920 1,11
742 1843 833 1931 sqq.)
854 1841 933 1908 vitis
946 1841 1050 1908 solius
1072 1842 1235 1908 caesariei
1260 1843 1391 1909 mentio
1415 1842 1598 1922 habeatur,

284 1969 466 2038 perperam
482 1949 584 2014 infert
599 1948 738 2028 uitta,
755 1949 840 2015 alias
860 1949 944 2014 duas
966 1947 1194 2034 obligationes
1213 1954 1287 2014 tum
1302 1970 1374 2015 non
1389 1949 1600 2016 consuevisse

284 2054 468 2122 observari.
491 2077 523 2120 v.
541 2061 582 2120 12
602 2083 616 2115 a
638 2057 681 2120 Et
697 2054 904 2122 consecrabit
919 2054 1064 2120 Domino
1078 2054 1150 2120 dies
1163 2056 1393 2144 separationis
1410 2083 1426 2115 »
1443 2077 1502 2122 seu
1517 2077 1601 2122 con-

284 2161 481 2228 secrationis
499 2191 513 2222 (ι
531 2160 641 2247 illios,
665 2162 812 2251 offerens
827 2184 955 2251 apuam
975 2161 1177 2227 anniculam
1196 2190 1230 2245 o,
1254 2163 1391 2228 circiter
1405 2162 1508 2229 unius
1521 2164 1601 2228 anni

287 2269 341 2357 (cf.
362 2269 407 2336 ad
419 2273 476 2334 Ex.
502 2267 612 2358 las),
634 2296 650 2329 α
660 2291 727 2358 pro
739 2281 878 2358 peccato
900 2292 913 2334 .·
932 2269 980 2334 ita
1003 2281 1117 2334 tamen
1134 2281 1173 2334 nt
1188 2267 1261 2334 dies
1277 2268 1460 2357 priores»,
1477 2269 1602 2358 quibus

285 2383 362 2442 ante
385 2375 480 2442 illam
504 2375 733 2442 calamitatem
755 2397 1001 2442 nazaraeorum
1023 2375 1161 2461 legibus
1184 2375 1283 2454 vixit,
1303 2403 1319 2435 α
1347 2375 1440 2441 irriti
1456 2375 1547 2463 fiant
1566 2403 1600 2455 n,

286 2504 353 2547 non
370 2487 622 2572 computentur,
642 2509 658 2544 «
685 2481 850 2571 quoniam
859 2481 996 2570 pallitta
1009 2493 1058 2548 est
1069 2481 1298 2570 sanctificatio
1314 2481 1387 2547 eiras
1408 2510 1424 2544 »
1445 2503 1506 2548 seu
1521 2503 1603 2547 con-

286 2589 440 2654 secratio.
460 2587 527 2655 Sed
542 2590 643 2654 Habr.
666 2587 771 2654 habet
785 2611 851 2678 pro
870 2586 993 2654 delicto
1014 2609 1027 2652 :
1041 2595 1179 2677 praeter
1198 2594 1378 2677 peccatum
1394 2590 1603 2654 contamina-

284 2695 386 2759 tionis
397 2700 628 2776 mortuorum,
650 2694 862 2781 quodetiam
881 2715 952 2760 non
968 2717 1134 2761 nazaraeo
1153 2694 1318 2762 luendum
1336 2700 1409 2760 erat
1424 2694 1494 2762 ritu
1508 2715 1541 2760 v.
1563 2701 1603 2760 lo

287 2823 356 2888 sq.,
373 2799 566 2866 incurrerat
581 2799 944 2867 nazaraeus-delictum
963 2799 1001 2866 in
1018 2823 1054 2866 re
1070 2823 1167 2866 sacra
1182 2801 1273 2890 (Lev.
1294 2802 1406 2890 5,15),
1422 2823 1467 2868 sc.
1492 2801 1530 2868 in
1542 2823 1604 2868 na-

286 2911 444 2973 zaraeatu
460 2907 676 2972 commissum
697 2930 705 2974 ε
727 2907 808 2973 huie
824 2905 1015 2973 debebatur
1031 2923 1118 2971 nau.
1137 2912 1277 2988 Verum,
1302 2906 1394 2996 quod
1409 2907 1491 2974 huie
1504 2929 1604 2974 naza·

287 3034 365 3079 raeo
379 3013 481 3080 simul
494 3013 685 3080 offerendae
705 3020 815 3079 essent
829 3035 861 3080 v.
881 3018 922 3079 10
935 3035 987 3102 sq.
1010 3014 1098 3080 aliae
1113 3013 1288 3095 victimae,
1305 3020 1339 3080 ot
1356 3015 1498 3080 fortasse
1512 3013 1604 3102 quod

287 3118 359 3187 eius
375 3118 537 3186 delictum
556 3124 641 3186 esset
655 3120 1060 3208 plane-involuntarium,
1078 3119 1333 3186 concedebatur
1347 3121 1485 3187 victima
1499 3121 1604 3187 ariete

287 3231 363 3293 Lev.
391 3232 470 3309 5,15
495 3227 617 3309 minor,
644 3249 774 3316 agneis,
798 3226 908 3293 maior
931 3232 1048 3292 tanren
1069 3248 1171 3314 quam
1203 3227 1341 3293 victima
1363 3247 1426 3316 pro
1448 3235 1601 3316 peccato,

287 3355 375 3421 quae
395 3340 467 3400 erat
491 3355 581 3420 agna
607 3356 614 3401 :
639 3333 800 3400 animalia
822 3333 952 3422 quippe
975 3331 1084 3399 maria
1103 3333 1239 3399 leminis
1260 3333 1483 3402 habebantur
1503 3333 1605 3401 nobi-

287 3439 383 3506 liora.
399 3462 432 3504 v.
451 3446 491 3511 13
513 3467 529 3500 «
545 3442 614 3505 Ista
629 3451 677 3505 est
690 3439 745 3506 lca
764 3439 1027 3506 consecrationis
1050 3468 1086 3520 n,
1108 3439 1407 3507 Hebr.·naaaraei.

410 3668 442 3727 2.
469 3664 538 3727 Lea
560 3660 602 3726 de
621 3672 849 3728 nazaraeatas
872 3659 1163 3728 consummatione
1188 3663 1293 3729 Nam.
1316 3667 1469 3742 ala-21.

333 3867 416 3954 Arp.
439 3904 482 3914 —
501 3864 663 3932 Absolute
687 3871 858 3955 tempore,
878 3887 940 3954 pro
961 3888 1031 3954 quo
1052 3887 1087 3932 se
1111 3871 1191 3931 voto
1212 3865 1289 3954 quis
1303 3864 1348 3931 ad
1363 3872 1605 3932 nazaraeatum

289 3971 471 4061 obligavit,
485 3971 605 4038 offerat
618 3970 653 4038 in
668 3970 861 4039 sanctuario
877 3972 977 4038 lahve
992 3972 1246 4056 holocaustum,
1264 3970 1438 4051 victimam
1449 3994 1512 4061 pro
1526 3993 1606 4061 pee-

288 4086 377 4162 cato,
395 4081 418 4145 i.
441 4101 470 4146 e.
493 4101 556 4169 pro
576 4078 726 4168 peccatis
741 4080 809 4146 suis
824 4080 1034 4166 generatim,
1059 4085 1092 4144 et
1104 4078 1252 4145 hostiam
1272 4079 1509 4166 pacificorum.
1528 4081 1607 4145 Cae-

288 4187 392 4253 saries
410 4189 564 4276 praecisa
584 4188 621 4252 in
641 4185 721 4272 igne
742 4185 861 4253 altaris
876 4185 1101 4252 comburitur.
1124 4189 1235 4251 Potest
1249 4184 1326 4264 ille,
1344 4185 1373 4250 si
1392 4186 1515 4274 placet,
1536 4184 1606 4250 illis

289 4291 521 4358 oblationibus
536 4292 620 4358 alias
641 4290 782 4372 addere,
800 4290 969 4382 imprimis
986 4291 1112 4381 quibus
1125 4289 1249 4357 laetius
1268 4291 1392 4357 evadat
1406 4290 1602 4358 convivium

289 4419 367 4464 cum
383 4397 515 4478 amicis,
534 4399 624 4488 quod
641 4398 846 4466 sacrificium
861 4397 1082 4488 pacificorum
1095 4399 1329 4486 consequitur.

335 4531 351 4566 ι(
381 4505 463 4570 Cam
482 4503 571 4588 dica,
597 4527 680 4594 qnos
700 4528 742 4571 aa
756 4517 831 4572 uoto
847 4503 1056 4590 decreuerat,
1074 4503 1347 4593 complebantur,
1363 4503 1510 4571 addrtcet
1529 4526 1606 4571 carn

287 4611 336 4677 ad
349 4610 470 4676 ostiara
484 4611 696 4678 tabernaculi
703 4609 851 4696 foederis
869 4638 902 4696 a,
919 4649 963 4660 -
975 4609 1123 4678 adducet
1135 4609 1278 4700 aliquis,
1297 4611 1436 4696 cognati
1447 4616 1479 4677 et
1490 4610 1603 4678 amici.

289 4718 346 4786 liic
367 4717 452 4784 ritus
467 4739 536 4784 non
557 4716 803 4785 observabatur
829 4717 867 4783 in
890 4717 948 4798 iia,
971 4717 1022 4782 uti
1042 4720 1148 4806 patet,
1180 4716 1240 4805 qui
1263 4718 1484 4806 postmodum
1502 4739 1605 4784 naza-

286 4831 440 4892 raeatum
455 4827 525 4892 tota
546 4825 615 4891 vita
635 4824 886 4914 profitebantur
900 4861 944 4874 -
965 4846 997 4892 v.
1021 4830 1062 4892 lt
1081 4853 1096 4886 a
1113 4836 1145 4890 ct
1163 4825 1285 4912 offeret
1300 4824 1506 4892 oblationem
1527 4822 1621 4890 eias'
