3522 5410
716 453 792 502 uun.
816 439 974 510 i,15s00.
1466 438 1504 497 39

182 586 307 654 sanctis
331 608 363 653 v.
391 592 501 676 tsqq.
524 588 748 668 enumeratis,
773 613 789 648 a
808 610 850 653 ne
868 587 1074 654 moriantur.
1101 588 1171 654 Istc
1192 599 1274 652 sunt
1292 608 1397 652 onera
1412 585 1507 676 filio-

181 715 258 758 rum
276 692 386 760 Caatlt
405 693 442 759 ia
462 691 680 759 retentaculo
693 692 846 782 foederis
863 721 893 777 o,
910 715 971 760 seu
987 692 1101 783 quoad
1115 693 1216 761 illud.

229 797 395 866 caerites·
419 798 652 867 caathitarum
680 799 873 867 adnectitur
897 822 930 866 v.
955 806 996 868 16
1021 821 1061 866 ac
1079 799 1186 866 veluti
1211 799 1397 888 opponitur
1424 821 1506 865 cura

181 905 349 987 Eleazari,
373 903 433 994 qui
454 912 546 989 3,32,
570 927 642 972 non
664 928 743 972 vero
766 907 801 972 h.
824 908 848 972 l.
874 906 1161 995 levitis'praeesse
1180 905 1408 972 scribebatur,
1432 909 1506 995 Ipsa

180 1035 245 1079 vox
268 1012 450 1080 discrimen
474 1014 646 1099 suggerit,
670 1017 708 1080 ut
728 1014 904 1080 Caathitae
926 1035 987 1080 sua
1009 1013 1151 1102 quidem
1175 1034 1283 1079 onera
1304 1018 1505 1080 tenerentur

182 1123 321 1209 portare
345 1117 426 1208 ipsi,
450 1119 589 1185 Eleazar
611 1141 692 1185 vero
711 1141 784 1186 non
805 1126 990 1200 teneretur,
1010 1140 1098 1208 quae
1121 1141 1153 1186 v.
1183 1124 1224 1185 16
1244 1124 1500 1199 enumerantur,

180 1225 253 1315 ipse
278 1224 346 1291 suis
363 1225 522 1292 manibus
545 1229 700 1314 portare,
728 1225 789 1293 sed
813 1248 876 1315 per
898 1225 993 1294 alios,
1014 1230 1086 1316 lmo
1116 1223 1274 1313 explicite
1295 1246 1339 1290 ne
1363 1225 1504 1292 iubetur

180 1331 321 1420 quidem
353 1331 491 1398 Eleazar
517 1331 553 1398 id
582 1339 754 1422 praestare
786 1353 848 1422 per
874 1331 1046 1400 caathitas
1069 1336 1128 1398 aut
1150 1330 1290 1412 levitas,
1321 1331 1403 1397 licet
1428 1332 1501 1398 sine

182 1437 288 1505 dubio
313 1460 431 1505 eorum
453 1460 559 1527 opera
581 1461 660 1506 usus
680 1437 734 1505 sit.
753 1439 800 1506 cl.
819 1441 939 1529 Bonsr.
966 1477 1010 1487 —
1030 1461 1062 1504 v.
1081 1443 1152 1505 16«
1170 1438 1291 1526 [Smper
1316 1459 1401 1526 quos
1424 1437 1500 1524 erit]

182 1547 341 1625 Eleazar,
365 1544 463 1634 filius
490 1547 607 1610 Aaron
632 1544 834 1630 ,sacerdotia
866 1545 913 1612 ad
942 1545 1038 1612 cuim
1066 1567 1183 1612 cleram
1209 1544 1359 1634 pertinet
1388 1542 1503 1611 oleum

181 1651 217 1717 z'n
241 1650 499 1718 concinnandas
524 1651 680 1718 lucernas
705 1679 721 1714 >r
745 1651 815 1741 (Ex.
845 1651 978 1740 imo),
1008 1679 1024 1712 «
1050 1665 1083 1718 et
1109 1649 1365 1742 conpositionis
1390 1650 1505 1718 incen-

180 1780 254 1824 sum
280 1786 296 1820 »
323 1780 382 1824 seu
405 1759 597 1846 thymiama
622 1760 691 1846 (Ex.
721 1765 860 1848 30,3t),
895 1789 910 1819 «
941 1769 974 1826 et
997 1757 1223 1846 sacrificium,
1257 1757 1351 1848 qual
1374 1779 1505 1846 semper

182 1865 328 1954 offertur
351 1893 384 1944 »,
412 1902 457 1916 -
474 1868 578 1931 Hebr.
603 1863 740 1932 rru'nclra
760 1887 772 1929 .·
801 1865 917 1952 agitur
939 1864 981 1931 de
1006 1864 1120 1931 simila
1139 1887 1202 1953 pro
1233 1864 1371 1930 mincha
1394 1863 1503 1954 quoti-

180 1970 284 2036 diana
313 1971 381 2060 (Ex.
412 1975 531 2052 ae,t0;
559 1974 636 2039 Lev.
662 1971 835 2060 o‚1l-18)
862 1970 1053 2054 offerenda,
1079 1970 1176 2038 cuius
1196 1969 1351 2059 aliquam
1369 1991 1503 2059 semper

181 2077 313 2167 copiam
345 2083 481 2166 praesto
501 2098 571 2144 esse
593 2078 775 2166 oportebat
798 2077 947 2168 (Borrsr.)
968 2117 1012 2128 —
1034 2106 1048 2138 a
1079 2090 1113 2142 et
1145 2075 1256 2144 oleum
1285 2076 1461 2143 unctionis
1485 2105 1499 2135 u

183 2183 253 2270 (Ex.
285 2189 387 2265 3033
415 2185 524 2272 sqq.)‚
551 2211 566 2244 «
600 2185 655 2271 [et]
680 2183 855 2273 quidquid
886 2183 934 2250 acl
961 2183 1093 2250 ceritum
1119 2183 1332 2250 tabernaculi
1353 2182 1502 2272 pertinet

182 2289 407 2378 omniumque
429 2311 603 2375 vasorum,
630 2313 718 2378 qrcae
746 2291 784 2356 ia
807 2290 1004 2356 sanctuario
1024 2302 1103 2356 stent
1130 2315 1159 2356 u.
1190 2291 1354 2379 Copulam
1378 2312 1502 2378 perpe-

181 2417 257 2461 ram
283 2394 403 2462 inserit
431 2394 552 2485 Vulp.;
580 2418 667 2484 quae
697 2402 899 2486 sequuntur,
927 2402 1007 2462 sunt
1034 2425 1051 2458 α
1085 2395 1237 2464 clausula
1262 2396 1431 2483 generalis
1459 2396 1502 2462 ad

181 2501 543 2592 comprehendendum
570 2503 685 2569 omnia
709 2504 1019 2580 commissacurae
1045 2502 1183 2569 Eleazar
1211 2530 1227 2564 a
1258 2501 1364 2591 (Gai.)
1390 2521 1397 2568 :
1420 2514 1503 2568 carra

181 2608 286 2674 totius
309 2607 500 2674 lrabitacule'
524 2609 762 2699 ambitumque,
792 2609 940 2699 quaein
964 2609 1025 2676 illo
1051 2622 1167 2692 erant,
1194 2631 1308 2675 rerum
1327 2631 1502 2675 sacrarum

181 2727 213 2780 ct
243 2714 461 2796 artensilr'um,
489 2715 573 2782 haec
601 2717 718 2782 omnia
743 2717 946 2784 Eleazarum
976 2717 1194 2805 spectabant,
1216 2717 1285 2782 sive
1309 2716 1344 2782 h.
1370 2717 1394 2782 l.
1420 2737 1503 2782 enn-

183 2828 409 2903 merarentur,
426 2822 496 2888 sive
511 2844 592 2889 non.

218 3003 364 3055 Sententia
378 3004 459 3054 iaclle
478 3003 541 3055 tluit
563 3003 596 3069 (c.
615 3000 731 3071 Dillio),
748 3005 771 3054 si
792 3004 922 3055 advertas
941 3007 1076 3055 minatam
1095 3007 1123 3055 h.
1149 3006 1167 3055 l.
1192 3006 1312 3069 intelligi
1334 3019 1391 3056 non
1411 3007 1501 3070 ipsum

182 3091 348 3142 sacrificium
367 3094 558 3154 incruentum,
579 3092 628 3144 sed
653 3095 714 3144 eius
742 3092 887 3144 materiam
915 3095 1046 3143 similam.
1070 3107 1097 3142 v.
1125 3093 1186 3143 l=l5
1211 3093 1429 3145 recensebantur
1452 3108 1500 3153 ea,

182 3193 254 3244 quae
270 3181 391 3231 solemni
408 3183 520 3244 agmine
538 3184 618 3232 erant
632 3181 814 3246 deportanda,
830 3197 855 3231 v.
872 3182 902 3232 lli
918 3196 991 3246 quae
1004 3185 1101 3246 utique
1118 3183 1203 3232 etiam
1221 3187 1301 3232 erant
1317 3182 1500 3246 deportanda,

182 3269 266 3320 ruodo
281 3274 377 3320 tamen
393 3283 450 3320 non
469 3270 602 3330 solemni,
618 3283 669 3335 par
686 3271 828 3320 ministros
844 3284 902 3320 non
919 3273 1017 3321 turmis
1037 3271 1183 3321 distinctos
1197 3275 1250 3320 etc.
1270 3269 1400 3322 Ceterum
1420 3285 1446 3319 v.
1472 3271 1502 3320 16

181 3359 284 3408 invicte
305 3359 418 3420 probat,
439 3360 469 3408 ln
488 3371 522 3410 ea
542 3362 616 3409 certe
635 3360 869 3422 peregrinationis
886 3371 937 3423 per
953 3359 1092 3409 desertum
1110 3361 1190 3422 parte
1210 3359 1305 3409 ollerrl
1324 3361 1503 3410 consuevisse
1534 3365 1540 3382 '

181 3449 210 3496 in
234 3447 425 3498 Hebraeorum
449 3449 548 3498 castris
573 3445 741 3498 sacrificium
765 3447 974 3510 quotidianum;
996 3446 1032 3498 cl.
1057 3461 1129 3512 quac
1153 3447 1188 3498 ad
1212 3449 1274 3497 Am.
1302 3447 1363 3508 5,ἳὸ
1389 3449 1502 3499 diceba·

182 3549 243 3586 mus
263 3535 339 3586 CEL
354 3551 382 3600 p.
404 3535 447 3585 tl.
463 3563 499 3572 —
512 3536 589 3599 Ignis
607 3548 686 3586 sacer
701 3538 775 3586 certe
791 3549 847 3585 non
863 3536 978 3586 ardebat
990 3537 1018 3584 in
1034 3536 1116 3586 altari
1132 3537 1360 3590 holocaustorum
1379 3534 1500 3605 (Cala),

182 3625 247 3674 dum
269 3625 338 3675 illud
362 3626 455 3690 palliis
479 3626 635 3675 involutum
659 3624 821 3675 deterretur.
852 3626 896 3674 An
920 3626 976 3674 iam
1001 3630 1060 3675 tum
1079 3627 1108 3675 in
1130 3639 1196 3676 vase
1220 3627 1316 3690 aliquo
1336 3626 1499 3686 deterretur,

181 3713 352 3776 ignoramus.
375 3713 416 3764 Oi.
438 3713 473 3764 ad
490 3714 557 3766 Lev.
580 3713 643 3773 ala
663 3727 705 3777 sq.
725 3740 761 3750 -
781 3714 899 3772 Quando
916 3714 1061 3764 increvere
1078 3727 1196 3766 numero
1215 3715 1389 3777 sacerdotes,
1410 3721 1502 3778 gesta-

180 3815 247 3852 vere
266 3803 319 3867 ipsi
338 3815 431 3853 arcam
452 3804 535 3854 Dent.
560 3801 623 3862 31,9
644 3816 651 3850 ε
673 3813 750 3865 ergo,
778 3815 850 3866 quae
874 3802 967 3852 levitis
993 3801 1021 3852 h.
1048 3803 1066 3852 l.
1095 3804 1286 3854 attribuuntur
1311 3803 1417 3866 officia,
1441 3815 1500 3854 aon

181 3891 220 3940 ita
239 3903 335 3942 eorum
354 3896 434 3942 erant
452 3893 579 3956 propria,
598 3893 703 3942 utnon
721 3897 837 3954 possent
851 3893 936 3942 etlam
955 3905 971 3940 a
990 3891 1182 3943 sacerdotibus
1201 3894 1325 3957 impleri,
1342 3893 1391 3943 sed
1404 3893 1501 3942 exclu-

182 3979 319 4031 debantur
336 3995 393 4032 non
412 3981 528 4032 levitae.

634 4127 767 4186 Eloquium
780 4128 915 4175 secundum
930 4141 954 4175 v.
973 4129 1051 4174 17-20.

225 4307 313 4392 Arq.
331 4341 375 4354 -
390 4305 551 4372 Caathitis
564 4305 713 4372 violenta
730 4325 820 4371 mors
835 4304 1010 4388 indicitur,
1024 4305 1052 4370 si
1069 4304 1153 4394 quid
1168 4325 1344 4371 sacrorum
1362 4311 1501 4395 portan-

184 4410 307 4478 dorum
332 4432 402 4476 non
427 4409 618 4478 involutum
649 4411 851 4501 aspexerint.
882 4418 920 4478 ln
945 4433 1013 4500 qua
1041 4417 1158 4477 tamen
1187 4433 1223 4477 re
1245 4419 1407 4479 oneratur
1428 4435 1502 4478 con-

183 4515 327 4584 scientia
344 4516 562 4584 sacerdotum
585 4518 760 4606 :ipsorum
781 4523 842 4597 est,
862 4523 900 4582 ut
915 4540 956 4583 ea
973 4516 1026 4582 lex
1044 4517 1247 4584 observetur
1264 4539 1405 4598 curare3
1421 4518 1502 4607 ipsis

182 4622 421 4714 imputabitur,
447 4621 618 4711 quidquid
637 4623 771 4692 adversi
790 4623 954 4690 Caathitis
970 4622 1143 4689 acciderit.

227 4753 260 4797 v.
280 4738 321 4797 17
340 4759 354 4790 a
369 4735 583 4819 Locutusquc
598 4742 646 4796 est
661 4730 829 4796 Dominus
839 4729 887 4796 ad
898 4733 1039 4818 Moysen
1050 4741 1082 4794 ct
1096 4731 1213 4798 Aaron
1227 4729 1342 4797 dicens
1356 4758 1371 4792 »
1391 4751 1441 4797 :v.
1461 4739 1501 4798 18

188 4865 202 4897 a
228 4836 342 4906 Nolite
360 4835 502 4928 perdere
510 4835 683 4927 populum
707 4835 815 4904 Ccatlt
833 4835 874 4904 cle
893 4835 1006 4903 medio
1028 4835 1209 4904 levitarum
1231 4865 1261 4904 u.
1281 4839 1382 4903 Hebr.
1404 4858 1416 4902 .·
1436 4838 1503 4904 oir-
