<?xml version="1.0" encoding="UTF-8"?>
<!DOCTYPE html PUBLIC "-//W3C//DTD XHTML 1.0 Transitional//EN"
    "http://www.w3.org/TR/xhtml1/DTD/xhtml1-transitional.dtd">
<html xmlns="http://www.w3.org/1999/xhtml" xml:lang="en" lang="en">
 <head>
  <title>
</title>
<meta http-equiv="Content-Type" content="text/html;charset=utf-8" />
  <meta name='ocr-system' content='tesseract 3.04.00' />
  <meta name='ocr-capabilities' content='ocr_page ocr_carea ocr_par ocr_line ocrx_word'/>
</head>
<body>
  <div class='ocr_page' id='page_1' title='image "./commentariusinn00hummgoog_0338.png"; bbox 0 0 3554 5406; ppageno 0'>
   <div class='ocr_carea' id='block_1_1' title="bbox 697 402 1490 473">
    <p class='ocr_par' dir='ltr' id='par_1_1' title="bbox 697 402 1490 473">
     <span class='ocr_line' id='line_1_1' title="bbox 697 402 1490 473; baseline -0.004 -11"><span class='ocrx_word' id='word_1_1' title='bbox 697 419 772 464; x_wconf 83' lang='lat' dir='ltr'>non.</span> <span class='ocrx_word' id='word_1_2' title='bbox 796 402 866 473; x_wconf 61' lang='lat' dir='ltr'>tid</span> <span class='ocrx_word' id='word_1_3' title='bbox 890 418 955 471; x_wconf 87' lang='lat' dir='ltr'>see.</span> <span class='ocrx_word' id='word_1_4' title='bbox 1432 403 1490 460; x_wconf 73' lang='lat'>325</span> 
     </span>
    </p>
   </div>
   <div class='ocr_carea' id='block_1_2' title="bbox 163 550 1493 1808">
    <p class='ocr_par' dir='ltr' id='par_1_2' title="bbox 163 550 1493 1808">
     <span class='ocr_line' id='line_1_2' title="bbox 208 550 1489 641; baseline -0.001 -23"><span class='ocrx_word' id='word_1_5' title='bbox 208 555 331 618; x_wconf 81' lang='lat' dir='ltr'><strong>Ansam</strong></span> <span class='ocrx_word' id='word_1_6' title='bbox 354 550 514 640; x_wconf 88' lang='lat' dir='ltr'>petitioni</span> <span class='ocrx_word' id='word_1_7' title='bbox 533 550 629 618; x_wconf 80' lang='lat' dir='ltr'>dedit</span> <span class='ocrx_word' id='word_1_8' title='bbox 650 551 769 619; x_wconf 89' lang='lat' dir='ltr'>divina</span> <span class='ocrx_word' id='word_1_9' title='bbox 785 553 839 618; x_wconf 91' lang='lat' dir='ltr'>lex</span> <span class='ocrx_word' id='word_1_10' title='bbox 860 557 959 632; x_wconf 81' lang='lat'>18,53</span> <span class='ocrx_word' id='word_1_11' title='bbox 978 573 1069 640; x_wconf 58' lang='lat' dir='ltr'>sqq„</span> <span class='ocrx_word' id='word_1_12' title='bbox 1086 550 1318 641; x_wconf 81' lang='lat' dir='ltr'>praecipiens,</span> <span class='ocrx_word' id='word_1_13' title='bbox 1342 557 1380 618; x_wconf 90' lang='lat' dir='ltr'>ut</span> <span class='ocrx_word' id='word_1_14' title='bbox 1398 556 1489 617; x_wconf 88' lang='lat' dir='ltr'>terra</span> 
     </span>
     <span class='ocr_line' id='line_1_3' title="bbox 163 656 1486 747; baseline -0.003 -21"><span class='ocrx_word' id='word_1_15' title='bbox 163 663 281 726; x_wconf 84' lang='lat' dir='ltr'>saneta</span> <span class='ocrx_word' id='word_1_16' title='bbox 307 656 522 725; x_wconf 85' lang='lat' dir='ltr'>divideretur</span> <span class='ocrx_word' id='word_1_17' title='bbox 545 656 604 741; x_wconf 88' lang='lat' dir='ltr'>iis,</span> <span class='ocrx_word' id='word_1_18' title='bbox 634 680 783 747; x_wconf 88' lang='lat' dir='ltr'>quorum</span> <span class='ocrx_word' id='word_1_19' title='bbox 803 657 946 724; x_wconf 90' lang='lat' dir='ltr'>nomina</span> <span class='ocrx_word' id='word_1_20' title='bbox 966 657 1003 724; x_wconf 93' lang='lat' dir='ltr'>in</span> <span class='ocrx_word' id='word_1_21' title='bbox 1030 678 1167 724; x_wconf 86' lang='lat' dir='ltr'>censum</span> <span class='ocrx_word' id='word_1_22' title='bbox 1197 656 1306 724; x_wconf 86' lang='lat' dir='ltr'>relata</span> <span class='ocrx_word' id='word_1_23' title='bbox 1331 657 1486 736; x_wconf 81' lang='lat' dir='ltr'>fuerant3</span> 
     </span>
     <span class='ocr_line' id='line_1_4' title="bbox 164 749 1488 852; baseline -0.003 -20"><span class='ocrx_word' id='word_1_24' title='bbox 164 763 302 832; x_wconf 86' lang='lat' dir='ltr'>ereutii</span> <span class='ocrx_word' id='word_1_25' title='bbox 322 768 435 830; x_wconf 88' lang='lat' dir='ltr'>autem</span> <span class='ocrx_word' id='word_1_26' title='bbox 456 784 575 830; x_wconf 90' lang='lat' dir='ltr'>omnes</span> <span class='ocrx_word' id='word_1_27' title='bbox 588 763 667 830; x_wconf 89' lang='lat' dir='ltr'>viri.</span> <span class='ocrx_word' id='word_1_28' title='bbox 688 770 738 831; x_wconf 81' lang='lat' dir='ltr'>An</span> <span class='ocrx_word' id='word_1_29' title='bbox 754 786 836 852; x_wconf 89' lang='lat' dir='ltr'>ergo</span> <span class='ocrx_word' id='word_1_30' title='bbox 852 763 896 830; x_wconf 89' lang='lat' dir='ltr'>ab</span> <span class='ocrx_word' id='word_1_31' title='bbox 910 749 1126 830; x_wconf 86' lang='lat' dir='ltr'>haereditate</span> <span class='ocrx_word' id='word_1_32' title='bbox 1141 762 1372 830; x_wconf 82' lang='lat' dir='ltr'>excludendae</span> <span class='ocrx_word' id='word_1_33' title='bbox 1391 771 1488 830; x_wconf 88' lang='lat' dir='ltr'>erant</span> 
     </span>
     <span class='ocr_line' id='line_1_5' title="bbox 165 869 1491 960; baseline -0.002 -24"><span class='ocrx_word' id='word_1_34' title='bbox 165 871 255 938; x_wconf 84' lang='lat' dir='ltr'>liliae</span> <span class='ocrx_word' id='word_1_35' title='bbox 271 875 304 936; x_wconf 90' lang='lat' dir='ltr'>et</span> <span class='ocrx_word' id='word_1_36' title='bbox 321 870 470 936; x_wconf 91' lang='lat' dir='ltr'>filiarum</span> <span class='ocrx_word' id='word_1_37' title='bbox 486 869 567 954; x_wconf 90' lang='lat' dir='ltr'>filii,</span> <span class='ocrx_word' id='word_1_38' title='bbox 583 870 722 960; x_wconf 89' lang='lat' dir='ltr'>quando</span> <span class='ocrx_word' id='word_1_39' title='bbox 741 875 840 959; x_wconf 84' lang='lat' dir='ltr'>pater</span> <span class='ocrx_word' id='word_1_40' title='bbox 857 871 930 938; x_wconf 89' lang='lat' dir='ltr'>sine</span> <span class='ocrx_word' id='word_1_41' title='bbox 948 871 1046 958; x_wconf 87' lang='lat' dir='ltr'>prole</span> <span class='ocrx_word' id='word_1_42' title='bbox 1063 869 1156 936; x_wconf 91' lang='lat' dir='ltr'>virili</span> <span class='ocrx_word' id='word_1_43' title='bbox 1176 891 1195 935; x_wconf 91' lang='lat' dir='ltr'>e</span> <span class='ocrx_word' id='word_1_44' title='bbox 1216 870 1300 938; x_wconf 90' lang='lat' dir='ltr'>vivis</span> <span class='ocrx_word' id='word_1_45' title='bbox 1317 870 1491 936; x_wconf 79' lang='lat' dir='ltr'>cessisset?</span> 
     </span>
     <span class='ocr_line' id='line_1_6' title="bbox 165 975 1493 1066; baseline -0.004 -22"><span class='ocrx_word' id='word_1_46' title='bbox 165 999 210 1044; x_wconf 88' lang='lat' dir='ltr'>an</span> <span class='ocrx_word' id='word_1_47' title='bbox 235 976 371 1066; x_wconf 88' lang='lat' dir='ltr'>penitus</span> <span class='ocrx_word' id='word_1_48' title='bbox 395 975 564 1043; x_wconf 85' lang='lat' dir='ltr'>abolenda</span> <span class='ocrx_word' id='word_1_49' title='bbox 588 977 757 1043; x_wconf 87' lang='lat' dir='ltr'>eiusmodi</span> <span class='ocrx_word' id='word_1_50' title='bbox 780 975 846 1043; x_wconf 91' lang='lat' dir='ltr'>viri</span> <span class='ocrx_word' id='word_1_51' title='bbox 872 976 1025 1042; x_wconf 84' lang='lat' dir='ltr'>familia?</span> <span class='ocrx_word' id='word_1_52' title='bbox 1049 975 1211 1065; x_wconf 61' lang='lat' dir='ltr'>(Eorta).</span> <span class='ocrx_word' id='word_1_53' title='bbox 1241 977 1326 1064; x_wconf 80' lang='lat' dir='ltr'>Cap.</span> <span class='ocrx_word' id='word_1_54' title='bbox 1366 977 1426 1042; x_wconf 87' lang='lat' dir='ltr'>XX</span> <span class='ocrx_word' id='word_1_55' title='bbox 1433 977 1493 1042; x_wconf 84' lang='lat' dir='ltr'>Vll</span> 
     </span>
     <span class='ocr_line' id='line_1_7' title="bbox 166 1079 1487 1172; baseline -0.002 -23"><span class='ocrx_word' id='word_1_56' title='bbox 166 1105 200 1149; x_wconf 91' lang='lat' dir='ltr'>v.</span> <span class='ocrx_word' id='word_1_57' title='bbox 220 1090 236 1150; x_wconf 92' lang='lat'>1</span> <span class='ocrx_word' id='word_1_58' title='bbox 262 1085 515 1148; x_wconf 83' lang='lat' dir='ltr'>«Accesserant</span> <span class='ocrx_word' id='word_1_59' title='bbox 536 1093 650 1149; x_wconf 82' lang='lat' dir='ltr'>autern</span> <span class='ocrx_word' id='word_1_60' title='bbox 667 1081 764 1171; x_wconf 76' lang='lat' dir='ltr'>filiae</span> <span class='ocrx_word' id='word_1_61' title='bbox 782 1081 977 1171; x_wconf 76' lang='lat' dir='ltr'><em>salphaad,</em></span> <span class='ocrx_word' id='word_1_62' title='bbox 994 1081 1063 1172; x_wconf 74' lang='lat' dir='ltr'>fita·</span> <span class='ocrx_word' id='word_1_63' title='bbox 1077 1081 1223 1172; x_wconf 78' lang='lat' dir='ltr'>Hepter,</span> <span class='ocrx_word' id='word_1_64' title='bbox 1239 1080 1310 1171; x_wconf 77' lang='lat' dir='ltr'>filit</span> <span class='ocrx_word' id='word_1_65' title='bbox 1330 1079 1469 1148; x_wconf 80' lang='lat' dir='ltr'>Golaad</span> <span class='ocrx_word' id='word_1_66' title='bbox 1479 1133 1487 1160; x_wconf 95' lang='lat'>,</span> 
     </span>
     <span class='ocr_line' id='line_1_8' title="bbox 164 1185 1485 1278; baseline -0.003 -23"><span class='ocrx_word' id='word_1_67' title='bbox 164 1188 235 1278; x_wconf 78' lang='lat' dir='ltr'>filit</span> <span class='ocrx_word' id='word_1_68' title='bbox 249 1187 392 1274; x_wconf 75' lang='lat' dir='ltr'>Martie,</span> <span class='ocrx_word' id='word_1_69' title='bbox 406 1187 643 1276; x_wconf 81' lang='lat' dir='ltr'>filie&#39;Monasse</span> <span class='ocrx_word' id='word_1_70' title='bbox 661 1215 676 1248; x_wconf 78' lang='lat' dir='ltr'>s</span> <span class='ocrx_word' id='word_1_71' title='bbox 694 1189 750 1278; x_wconf 86' lang='lat' dir='ltr'>(cl.</span> <span class='ocrx_word' id='word_1_72' title='bbox 766 1189 810 1255; x_wconf 89' lang='lat' dir='ltr'>ad</span> <span class='ocrx_word' id='word_1_73' title='bbox 823 1195 923 1270; x_wconf 50' lang='lat'>2639</span> <span class='ocrx_word' id='word_1_74' title='bbox 935 1189 1039 1278; x_wconf 81' lang='lat' dir='ltr'>sqq.)‚</span> <span class='ocrx_word' id='word_1_75' title='bbox 1057 1215 1074 1250; x_wconf 79' lang='lat' dir='ltr'>a</span> <span class='ocrx_word' id='word_1_76' title='bbox 1089 1188 1152 1278; x_wconf 82' lang='lat' dir='ltr'>qni</span> <span class='ocrx_word' id='word_1_77' title='bbox 1160 1187 1233 1276; x_wconf 82' lang='lat' dir='ltr'>fnit</span> <span class='ocrx_word' id='word_1_78' title='bbox 1244 1186 1341 1276; x_wconf 76' lang='lat' dir='ltr'>filias</span> <span class='ocrx_word' id='word_1_79' title='bbox 1354 1185 1485 1277; x_wconf 81' lang='lat' dir='ltr'>Ioseph,</span> 
     </span>
     <span class='ocr_line' id='line_1_9' title="bbox 166 1283 1486 1385; baseline -0.002 -23"><span class='ocrx_word' id='word_1_80' title='bbox 166 1317 315 1385; x_wconf 85' lang='lat' dir='ltr'>quornm</span> <span class='ocrx_word' id='word_1_81' title='bbox 333 1307 412 1360; x_wconf 86' lang='lat' dir='ltr'>sant</span> <span class='ocrx_word' id='word_1_82' title='bbox 430 1295 570 1361; x_wconf 80' lang='lat' dir='ltr'>nomino</span> <span class='ocrx_word' id='word_1_83' title='bbox 590 1283 756 1362; x_wconf 83' lang='lat' dir='ltr'>Maalaet</span> <span class='ocrx_word' id='word_1_84' title='bbox 773 1297 899 1363; x_wconf 85' lang='lat' dir='ltr'>Nocet</span> <span class='ocrx_word' id='word_1_85' title='bbox 919 1294 1031 1384; x_wconf 73' lang='lat' dir='ltr'>Hepla</span> <span class='ocrx_word' id='word_1_86' title='bbox 1050 1306 1083 1361; x_wconf 89' lang='lat' dir='ltr'>et</span> <span class='ocrx_word' id='word_1_87' title='bbox 1103 1293 1237 1361; x_wconf 68' lang='lat' dir='ltr'>Metella</span> <span class='ocrx_word' id='word_1_88' title='bbox 1256 1307 1289 1361; x_wconf 89' lang='lat' dir='ltr'>et</span> <span class='ocrx_word' id='word_1_89' title='bbox 1310 1293 1433 1360; x_wconf 78' lang='lat' dir='ltr'>ererso</span> <span class='ocrx_word' id='word_1_90' title='bbox 1455 1323 1486 1360; x_wconf 89' lang='lat'>».</span> 
     </span>
     <span class='ocr_line' id='line_1_10' title="bbox 168 1400 1490 1490; baseline -0.002 -22"><span class='ocrx_word' id='word_1_91' title='bbox 168 1401 343 1490; x_wconf 89' lang='lat' dir='ltr'>Salphaad</span> <span class='ocrx_word' id='word_1_92' title='bbox 356 1401 465 1489; x_wconf 82' lang='lat' dir='ltr'>igitur</span> <span class='ocrx_word' id='word_1_93' title='bbox 482 1401 682 1490; x_wconf 79' lang='lat' dir='ltr'>pertinebat</span> <span class='ocrx_word' id='word_1_94' title='bbox 699 1400 743 1467; x_wconf 87' lang='lat' dir='ltr'>ad</span> <span class='ocrx_word' id='word_1_95' title='bbox 761 1400 925 1468; x_wconf 81' lang='lat' dir='ltr'>familiam</span> <span class='ocrx_word' id='word_1_96' title='bbox 946 1401 1219 1490; x_wconf 88' lang='lat' dir='ltr'>Hepheritarum.</span> <span class='ocrx_word' id='word_1_97' title='bbox 1241 1423 1275 1468; x_wconf 93' lang='lat' dir='ltr'>v.</span> <span class='ocrx_word' id='word_1_98' title='bbox 1298 1407 1319 1466; x_wconf 72' lang='lat'><strong>2</strong></span> <span class='ocrx_word' id='word_1_99' title='bbox 1341 1427 1357 1462; x_wconf 90' lang='lat'>«</span> <span class='ocrx_word' id='word_1_100' title='bbox 1379 1401 1490 1467; x_wconf 90' lang='lat' dir='ltr'>Stete-</span> 
     </span>
     <span class='ocr_line' id='line_1_11' title="bbox 167 1505 1488 1598; baseline -0.002 -24"><span class='ocrx_word' id='word_1_101' title='bbox 167 1519 313 1596; x_wconf 83' lang='lat' dir='ltr'>rrmtqne</span> <span class='ocrx_word' id='word_1_102' title='bbox 329 1528 443 1574; x_wconf 89' lang='lat' dir='ltr'>coram</span> <span class='ocrx_word' id='word_1_103' title='bbox 457 1510 574 1595; x_wconf 73' lang='lat' dir='ltr'>Moyse</span> <span class='ocrx_word' id='word_1_104' title='bbox 586 1519 620 1574; x_wconf 90' lang='lat' dir='ltr'>et</span> <span class='ocrx_word' id='word_1_105' title='bbox 633 1505 801 1574; x_wconf 82' lang='lat' dir='ltr'>Eleazaro</span> <span class='ocrx_word' id='word_1_106' title='bbox 816 1506 990 1574; x_wconf 80' lang='lat' dir='ltr'>sacerdote</span> <span class='ocrx_word' id='word_1_107' title='bbox 1006 1519 1040 1573; x_wconf 89' lang='lat' dir='ltr'>et</span> <span class='ocrx_word' id='word_1_108' title='bbox 1056 1507 1187 1574; x_wconf 83' lang='lat' dir='ltr'>cernetis</span> <span class='ocrx_word' id='word_1_109' title='bbox 1194 1506 1414 1598; x_wconf 82' lang='lat' dir='ltr'>principibus</span> <span class='ocrx_word' id='word_1_110' title='bbox 1423 1529 1488 1596; x_wconf 88' lang='lat' dir='ltr'>po-</span> 
     </span>
     <span class='ocr_line' id='line_1_12' title="bbox 163 1611 1485 1704; baseline -0.002 -24"><span class='ocrx_word' id='word_1_111' title='bbox 163 1613 243 1704; x_wconf 81' lang='lat' dir='ltr'>puli</span> <span class='ocrx_word' id='word_1_112' title='bbox 257 1641 272 1675; x_wconf 94' lang='lat'>»</span> <span class='ocrx_word' id='word_1_113' title='bbox 287 1651 331 1664; x_wconf 89' lang='lat'><em>-</em></span> <span class='ocrx_word' id='word_1_114' title='bbox 343 1614 400 1680; x_wconf 93' lang='lat' dir='ltr'>sed</span> <span class='ocrx_word' id='word_1_115' title='bbox 418 1615 520 1680; x_wconf 80' lang='lat' dir='ltr'>Heor.</span> <span class='ocrx_word' id='word_1_116' title='bbox 540 1634 552 1678; x_wconf 93' lang='grc'>.·</span> <span class='ocrx_word' id='word_1_117' title='bbox 565 1626 597 1680; x_wconf 90' lang='lat' dir='ltr'>et</span> <span class='ocrx_word' id='word_1_118' title='bbox 604 1614 822 1703; x_wconf 80' lang='lat' dir='ltr'>principibus</span> <span class='ocrx_word' id='word_1_119' title='bbox 839 1613 1043 1680; x_wconf 80' lang='lat' dir='ltr'>etunicersa</span> <span class='ocrx_word' id='word_1_120' title='bbox 1057 1612 1253 1680; x_wconf 83' lang='lat' dir='ltr'>ecclesio-</span> <span class='ocrx_word' id='word_1_121' title='bbox 1269 1641 1285 1674; x_wconf 77' lang='grc' dir='ltr'>α</span> <span class='ocrx_word' id='word_1_122' title='bbox 1302 1612 1350 1680; x_wconf 83' lang='lat' dir='ltr'>ad</span> <span class='ocrx_word' id='word_1_123' title='bbox 1362 1611 1485 1678; x_wconf 82' lang='lat' dir='ltr'>ostiam</span> 
     </span>
     <span class='ocr_line' id='line_1_13' title="bbox 167 1715 993 1808; baseline 0 -22"><span class='ocrx_word' id='word_1_124' title='bbox 167 1719 380 1788; x_wconf 68' lang='lat' dir='ltr'>tabernaculi</span> <span class='ocrx_word' id='word_1_125' title='bbox 393 1715 561 1808; x_wconf 79' lang='lat' dir='ltr'>foederis,</span> <span class='ocrx_word' id='word_1_126' title='bbox 579 1731 683 1808; x_wconf 82' lang='lat' dir='ltr'>atque</span> <span class='ocrx_word' id='word_1_127' title='bbox 699 1718 864 1786; x_wconf 74' lang='lat' dir='ltr'>dixerant</span> <span class='ocrx_word' id='word_1_128' title='bbox 879 1749 894 1780; x_wconf 72' lang='lat' dir='ltr'>a</span> <span class='ocrx_word' id='word_1_129' title='bbox 915 1741 921 1786; x_wconf 93' lang='lat'>:</span> <span class='ocrx_word' id='word_1_130' title='bbox 949 1760 993 1768; x_wconf 97' lang='lat'><em>-</em></span> 
     </span>
    </p>
   </div>
   <div class='ocr_carea' id='block_1_3' title="bbox 128 1999 1490 3568">
    <p class='ocr_par' dir='ltr' id='par_1_3' title="bbox 128 1999 1490 3568">
     <span class='ocr_line' id='line_1_14' title="bbox 204 1999 1490 2064; baseline -0.002 -12"><span class='ocrx_word' id='word_1_131' title='bbox 204 2001 270 2052; x_wconf 87' lang='lat' dir='ltr'>Erat</span> <span class='ocrx_word' id='word_1_132' title='bbox 284 2003 308 2051; x_wconf 91' lang='lat' dir='ltr'>is</span> <span class='ocrx_word' id='word_1_133' title='bbox 322 2002 476 2051; x_wconf 89' lang='lat' dir='ltr'>conventus</span> <span class='ocrx_word' id='word_1_134' title='bbox 491 2001 612 2050; x_wconf 83' lang='lat' dir='ltr'>maxime</span> <span class='ocrx_word' id='word_1_135' title='bbox 624 2001 766 2050; x_wconf 88' lang='lat' dir='ltr'>solemnis.</span> <span class='ocrx_word' id='word_1_136' title='bbox 784 1999 859 2062; x_wconf 85' lang='lat' dir='ltr'>Ergo</span> <span class='ocrx_word' id='word_1_137' title='bbox 880 2012 915 2050; x_wconf 91' lang='lat' dir='ltr'>ne</span> <span class='ocrx_word' id='word_1_138' title='bbox 930 1999 1006 2050; x_wconf 89' lang='lat' dir='ltr'>dicas</span> <span class='ocrx_word' id='word_1_139' title='bbox 1028 2013 1090 2050; x_wconf 91' lang='lat' dir='ltr'>cum</span> <span class='ocrx_word' id='word_1_140' title='bbox 1112 2000 1191 2059; x_wconf 80' lang='lat' dir='ltr'>tien,</span> <span class='ocrx_word' id='word_1_141' title='bbox 1211 2001 1288 2064; x_wconf 76' lang='lat' dir='ltr'>Lep,</span> <span class='ocrx_word' id='word_1_142' title='bbox 1301 2012 1348 2050; x_wconf 87' lang='lat' dir='ltr'>eas</span> <span class='ocrx_word' id='word_1_143' title='bbox 1362 2000 1426 2050; x_wconf 89' lang='lat' dir='ltr'>ideo</span> <span class='ocrx_word' id='word_1_144' title='bbox 1440 2013 1490 2052; x_wconf 88' lang='lat' dir='ltr'>ac-</span> 
     </span>
     <span class='ocr_line' id='line_1_15' title="bbox 167 2087 1487 2152; baseline -0.004 -12"><span class='ocrx_word' id='word_1_145' title='bbox 167 2091 286 2141; x_wconf 84' lang='lat' dir='ltr'>cessisse</span> <span class='ocrx_word' id='word_1_146' title='bbox 299 2089 334 2140; x_wconf 94' lang='lat' dir='ltr'>ad</span> <span class='ocrx_word' id='word_1_147' title='bbox 350 2089 559 2140; x_wconf 86' lang='lat' dir='ltr'>tabernaculum</span> <span class='ocrx_word' id='word_1_148' title='bbox 574 2087 701 2148; x_wconf 80' lang='lat' dir='ltr'>traderis,</span> <span class='ocrx_word' id='word_1_149' title='bbox 718 2088 793 2151; x_wconf 86' lang='lat' dir='ltr'>qued</span> <span class='ocrx_word' id='word_1_150' title='bbox 812 2089 939 2151; x_wconf 84' lang='lat' dir='ltr'>proxime</span> <span class='ocrx_word' id='word_1_151' title='bbox 954 2089 989 2138; x_wconf 88' lang='lat' dir='ltr'>ab</span> <span class='ocrx_word' id='word_1_152' title='bbox 1004 2089 1057 2139; x_wconf 89' lang='lat' dir='ltr'>bec</span> <span class='ocrx_word' id='word_1_153' title='bbox 1072 2089 1183 2140; x_wconf 89' lang='lat' dir='ltr'>abesset</span> <span class='ocrx_word' id='word_1_154' title='bbox 1204 2088 1414 2138; x_wconf 87' lang='lat' dir='ltr'>tabernaculum</span> <span class='ocrx_word' id='word_1_155' title='bbox 1429 2089 1487 2152; x_wconf 91' lang='lat' dir='ltr'>pri-</span> 
     </span>
     <span class='ocr_line' id='line_1_16' title="bbox 167 2176 1489 2240; baseline 0 -14"><span class='ocrx_word' id='word_1_156' title='bbox 167 2179 262 2228; x_wconf 90' lang='lat' dir='ltr'>vatum</span> <span class='ocrx_word' id='word_1_157' title='bbox 275 2177 389 2240; x_wconf 79' lang='lat' dir='ltr'>Moysis.</span> <span class='ocrx_word' id='word_1_158' title='bbox 407 2177 462 2227; x_wconf 88' lang='lat' dir='ltr'>Res</span> <span class='ocrx_word' id='word_1_159' title='bbox 477 2178 613 2240; x_wconf 83' lang='lat' dir='ltr'>agebatur</span> <span class='ocrx_word' id='word_1_160' title='bbox 627 2177 729 2226; x_wconf 90' lang='lat' dir='ltr'>summi</span> <span class='ocrx_word' id='word_1_161' title='bbox 749 2179 896 2236; x_wconf 86' lang='lat' dir='ltr'>momenti,</span> <span class='ocrx_word' id='word_1_162' title='bbox 913 2179 1043 2240; x_wconf 85' lang='lat' dir='ltr'>spectans</span> <span class='ocrx_word' id='word_1_163' title='bbox 1057 2179 1101 2226; x_wconf 90' lang='lat' dir='ltr'>ius</span> <span class='ocrx_word' id='word_1_164' title='bbox 1115 2176 1298 2228; x_wconf 88' lang='lat' dir='ltr'>haereditatis</span> <span class='ocrx_word' id='word_1_165' title='bbox 1318 2181 1346 2226; x_wconf 92' lang='lat' dir='ltr'>et</span> <span class='ocrx_word' id='word_1_166' title='bbox 1359 2177 1489 2240; x_wconf 90' lang='lat' dir='ltr'>proprie-</span> 
     </span>
     <span class='ocr_line' id='line_1_17' title="bbox 128 2263 1489 2330; baseline -0.001 -15"><span class='ocrx_word' id='word_1_167' title='bbox 128 2283 131 2288; x_wconf 94' lang='lat'>·</span> <span class='ocrx_word' id='word_1_168' title='bbox 167 2268 247 2327; x_wconf 81' lang='lat' dir='ltr'>tatia,</span> <span class='ocrx_word' id='word_1_169' title='bbox 263 2265 457 2330; x_wconf 88' lang='lat' dir='ltr'>praesentibus</span> <span class='ocrx_word' id='word_1_170' title='bbox 472 2265 646 2328; x_wconf 91' lang='lat' dir='ltr'>principibus</span> <span class='ocrx_word' id='word_1_171' title='bbox 667 2266 694 2314; x_wconf 91' lang='lat' dir='ltr'>et</span> <span class='ocrx_word' id='word_1_172' title='bbox 708 2265 813 2328; x_wconf 92' lang='lat' dir='ltr'>populo</span> <span class='ocrx_word' id='word_1_173' title='bbox 835 2264 931 2316; x_wconf 89' lang='lat' dir='ltr'>divino</span> <span class='ocrx_word' id='word_1_174' title='bbox 954 2266 1069 2316; x_wconf 88' lang='lat' dir='ltr'>oraculo</span> <span class='ocrx_word' id='word_1_175' title='bbox 1092 2264 1257 2316; x_wconf 86' lang='lat' dir='ltr'>dirimenda.</span> <span class='ocrx_word' id='word_1_176' title='bbox 1273 2263 1330 2314; x_wconf 87' lang='lat' dir='ltr'>Sed</span> <span class='ocrx_word' id='word_1_177' title='bbox 1350 2277 1397 2314; x_wconf 88' lang='lat' dir='ltr'>res</span> <span class='ocrx_word' id='word_1_178' title='bbox 1422 2263 1489 2314; x_wconf 90' lang='lat' dir='ltr'>item</span> 
     </span>
     <span class='ocr_line' id='line_1_18' title="bbox 167 2352 1486 2418; baseline -0.003 -13"><span class='ocrx_word' id='word_1_179' title='bbox 167 2354 316 2418; x_wconf 78' lang='lat' dir='ltr'>agebatur,</span> <span class='ocrx_word' id='word_1_180' title='bbox 331 2367 403 2417; x_wconf 82' lang='lat' dir='ltr'>quae</span> <span class='ocrx_word' id='word_1_181' title='bbox 423 2355 548 2417; x_wconf 82' lang='lat' dir='ltr'>proxime</span> <span class='ocrx_word' id='word_1_182' title='bbox 564 2356 703 2416; x_wconf 86' lang='lat' dir='ltr'>spectaret</span> <span class='ocrx_word' id='word_1_183' title='bbox 721 2353 899 2404; x_wconf 82' lang='lat' dir='ltr'>itanorraees.</span> <span class='ocrx_word' id='word_1_184' title='bbox 918 2354 1035 2414; x_wconf 82' lang='lat' dir='ltr'>Recole,</span> <span class='ocrx_word' id='word_1_185' title='bbox 1052 2366 1124 2417; x_wconf 86' lang='lat' dir='ltr'>quae</span> <span class='ocrx_word' id='word_1_186' title='bbox 1139 2353 1218 2404; x_wconf 81' lang='lat' dir='ltr'>GEL</span> <span class='ocrx_word' id='word_1_187' title='bbox 1233 2367 1261 2416; x_wconf 92' lang='lat' dir='ltr'>p.</span> <span class='ocrx_word' id='word_1_188' title='bbox 1279 2352 1293 2402; x_wconf 88' lang='grc'><strong>6</strong></span> <span class='ocrx_word' id='word_1_189' title='bbox 1314 2365 1357 2416; x_wconf 85' lang='lat' dir='ltr'>sq.</span> <span class='ocrx_word' id='word_1_190' title='bbox 1380 2352 1409 2402; x_wconf 85' lang='lat'>13</span> <span class='ocrx_word' id='word_1_191' title='bbox 1433 2357 1486 2402; x_wconf 88' lang='lat' dir='ltr'>etc.</span> 
     </span>
     <span class='ocr_line' id='line_1_19' title="bbox 165 2439 1489 2507; baseline -0.003 -14"><span class='ocrx_word' id='word_1_192' title='bbox 165 2443 399 2506; x_wconf 85' lang='lat' dir='ltr'>suggerebamus,</span> <span class='ocrx_word' id='word_1_193' title='bbox 413 2442 643 2492; x_wconf 86' lang='lat' dir='ltr'>Manassaeorum</span> <span class='ocrx_word' id='word_1_194' title='bbox 658 2443 754 2506; x_wconf 89' lang='lat' dir='ltr'>plnres</span> <span class='ocrx_word' id='word_1_195' title='bbox 773 2439 860 2492; x_wconf 86' lang='lat' dir='ltr'>luisse</span> <span class='ocrx_word' id='word_1_196' title='bbox 880 2441 969 2507; x_wconf 82' lang='lat' dir='ltr'>Moysi</span> <span class='ocrx_word' id='word_1_197' title='bbox 984 2441 1118 2493; x_wconf 87' lang='lat' dir='ltr'>intensos.</span> <span class='ocrx_word' id='word_1_198' title='bbox 1137 2441 1224 2502; x_wconf 85' lang='lat' dir='ltr'>Quid,</span> <span class='ocrx_word' id='word_1_199' title='bbox 1241 2443 1265 2492; x_wconf 90' lang='lat' dir='ltr'>si</span> <span class='ocrx_word' id='word_1_200' title='bbox 1280 2443 1304 2492; x_wconf 93' lang='lat' dir='ltr'>is</span> <span class='ocrx_word' id='word_1_201' title='bbox 1323 2441 1489 2492; x_wconf 86' lang='lat' dir='ltr'>decerneret</span> 
     </span>
     <span class='ocr_line' id='line_1_20' title="bbox 166 2529 1487 2595; baseline -0.003 -13"><span class='ocrx_word' id='word_1_202' title='bbox 166 2533 226 2582; x_wconf 89' lang='lat' dir='ltr'>eius</span> <span class='ocrx_word' id='word_1_203' title='bbox 242 2532 329 2582; x_wconf 89' lang='lat' dir='ltr'>tribus</span> <span class='ocrx_word' id='word_1_204' title='bbox 345 2543 446 2581; x_wconf 88' lang='lat' dir='ltr'>nomen</span> <span class='ocrx_word' id='word_1_205' title='bbox 462 2543 548 2580; x_wconf 91' lang='lat' dir='ltr'>unum</span> <span class='ocrx_word' id='word_1_206' title='bbox 561 2529 713 2590; x_wconf 87' lang='lat' dir='ltr'>excidisse,</span> <span class='ocrx_word' id='word_1_207' title='bbox 730 2530 849 2594; x_wconf 84' lang='lat' dir='ltr'>ideoque</span> <span class='ocrx_word' id='word_1_208' title='bbox 865 2543 961 2581; x_wconf 87' lang='lat' dir='ltr'>eorum</span> <span class='ocrx_word' id='word_1_209' title='bbox 974 2533 1001 2579; x_wconf 90' lang='lat' dir='ltr'>in</span> <span class='ocrx_word' id='word_1_210' title='bbox 1015 2533 1089 2580; x_wconf 88' lang='lat' dir='ltr'>terra</span> <span class='ocrx_word' id='word_1_211' title='bbox 1100 2532 1197 2580; x_wconf 88' lang='lat' dir='ltr'>sancta</span> <span class='ocrx_word' id='word_1_212' title='bbox 1209 2529 1279 2581; x_wconf 80' lang='lat' dir='ltr'>sines</span> <span class='ocrx_word' id='word_1_213' title='bbox 1295 2529 1487 2595; x_wconf 87' lang='lat' dir='ltr'>proportione</span> 
     </span>
     <span class='ocr_line' id='line_1_21' title="bbox 165 2618 1483 2683; baseline -0.002 -13"><span class='ocrx_word' id='word_1_214' title='bbox 165 2618 224 2670; x_wconf 90' lang='lat' dir='ltr'>lore</span> <span class='ocrx_word' id='word_1_215' title='bbox 244 2619 474 2683; x_wconf 81' lang='lat' dir='ltr'>restringendus?</span> <span class='ocrx_word' id='word_1_216' title='bbox 490 2620 526 2669; x_wconf 82' lang='lat' dir='ltr'>At</span> <span class='ocrx_word' id='word_1_217' title='bbox 549 2631 642 2683; x_wconf 85' lang='lat' dir='ltr'>neque</span> <span class='ocrx_word' id='word_1_218' title='bbox 664 2631 762 2670; x_wconf 90' lang='lat' dir='ltr'>omnes</span> <span class='ocrx_word' id='word_1_219' title='bbox 783 2619 941 2670; x_wconf 87' lang='lat' dir='ltr'>Manassaei</span> <span class='ocrx_word' id='word_1_220' title='bbox 965 2621 1092 2670; x_wconf 87' lang='lat' dir='ltr'>alienatis</span> <span class='ocrx_word' id='word_1_221' title='bbox 1113 2631 1130 2669; x_wconf 89' lang='lat' dir='ltr'>a</span> <span class='ocrx_word' id='word_1_222' title='bbox 1153 2618 1248 2683; x_wconf 87' lang='lat' dir='ltr'>Moyse</span> <span class='ocrx_word' id='word_1_223' title='bbox 1269 2623 1349 2669; x_wconf 89' lang='lat' dir='ltr'>erant</span> <span class='ocrx_word' id='word_1_224' title='bbox 1368 2619 1483 2668; x_wconf 89' lang='lat' dir='ltr'>animis.</span> 
     </span>
     <span class='ocr_line' id='line_1_22' title="bbox 165 2706 1483 2772; baseline -0.004 -13"><span class='ocrx_word' id='word_1_225' title='bbox 165 2709 267 2759; x_wconf 90' lang='lat' dir='ltr'>Nonne</span> <span class='ocrx_word' id='word_1_226' title='bbox 281 2709 341 2772; x_wconf 86' lang='lat' dir='ltr'>ipse</span> <span class='ocrx_word' id='word_1_227' title='bbox 356 2711 548 2766; x_wconf 89' lang='lat' dir='ltr'>concesserat,</span> <span class='ocrx_word' id='word_1_228' title='bbox 565 2707 596 2758; x_wconf 92' lang='lat' dir='ltr'>ut</span> <span class='ocrx_word' id='word_1_229' title='bbox 611 2706 685 2757; x_wconf 79' lang='lat' dir='ltr'>silius</span> <span class='ocrx_word' id='word_1_230' title='bbox 699 2707 871 2759; x_wconf 86' lang='lat' dir='ltr'>concubinae</span> <span class='ocrx_word' id='word_1_231' title='bbox 888 2707 994 2759; x_wconf 89' lang='lat' dir='ltr'>Machir</span> <span class='ocrx_word' id='word_1_232' title='bbox 1012 2709 1191 2771; x_wconf 82' lang='lat' dir='ltr'>primogeniti</span> <span class='ocrx_word' id='word_1_233' title='bbox 1205 2707 1483 2771; x_wconf 81' lang='lat' dir='ltr'>iuribuspotiretnr?</span> 
     </span>
     <span class='ocr_line' id='line_1_23' title="bbox 166 2795 1486 2860; baseline -0.002 -13"><span class='ocrx_word' id='word_1_234' title='bbox 166 2797 253 2848; x_wconf 83' lang='lat' dir='ltr'>Erant</span> <span class='ocrx_word' id='word_1_235' title='bbox 278 2797 363 2860; x_wconf 87' lang='lat' dir='ltr'>igitur</span> <span class='ocrx_word' id='word_1_236' title='bbox 384 2795 520 2846; x_wconf 86' lang='lat' dir='ltr'>lectiones</span> <span class='ocrx_word' id='word_1_237' title='bbox 544 2795 625 2846; x_wconf 83' lang='lat' dir='ltr'>duae.</span> <span class='ocrx_word' id='word_1_238' title='bbox 658 2796 736 2847; x_wconf 80' lang='lat' dir='ltr'>Hatrd</span> <span class='ocrx_word' id='word_1_239' title='bbox 748 2799 862 2858; x_wconf 86' lang='lat' dir='ltr'>mirum,</span> <span class='ocrx_word' id='word_1_240' title='bbox 884 2811 992 2846; x_wconf 90' lang='lat' dir='ltr'>summa</span> <span class='ocrx_word' id='word_1_241' title='bbox 1016 2797 1223 2860; x_wconf 85' lang='lat' dir='ltr'>exspectatione</span> <span class='ocrx_word' id='word_1_242' title='bbox 1237 2809 1336 2847; x_wconf 88' lang='lat' dir='ltr'>omnes</span> <span class='ocrx_word' id='word_1_243' title='bbox 1356 2796 1391 2846; x_wconf 82' lang='lat' dir='ltr'>acl</span> <span class='ocrx_word' id='word_1_244' title='bbox 1410 2795 1486 2846; x_wconf 87' lang='lat' dir='ltr'>illam</span> 
     </span>
     <span class='ocr_line' id='line_1_24' title="bbox 165 2883 1486 2949; baseline -0.001 -12"><span class='ocrx_word' id='word_1_245' title='bbox 165 2887 328 2936; x_wconf 88' lang='lat' dir='ltr'>concionem</span> <span class='ocrx_word' id='word_1_246' title='bbox 350 2883 527 2935; x_wconf 85' lang='lat' dir='ltr'>confluxisse.</span> <span class='ocrx_word' id='word_1_247' title='bbox 542 2885 652 2948; x_wconf 85' lang='lat' dir='ltr'>Moyses</span> <span class='ocrx_word' id='word_1_248' title='bbox 671 2897 739 2935; x_wconf 89' lang='lat' dir='ltr'>vero</span> <span class='ocrx_word' id='word_1_249' title='bbox 758 2886 842 2935; x_wconf 89' lang='lat' dir='ltr'>nullis</span> <span class='ocrx_word' id='word_1_250' title='bbox 864 2887 980 2948; x_wconf 87' lang='lat' dir='ltr'>privatis</span> <span class='ocrx_word' id='word_1_251' title='bbox 1004 2887 1159 2936; x_wconf 88' lang='lat' dir='ltr'>rationibus</span> <span class='ocrx_word' id='word_1_252' title='bbox 1180 2898 1322 2949; x_wconf 87' lang='lat' dir='ltr'>sepassus</span> <span class='ocrx_word' id='word_1_253' title='bbox 1336 2887 1379 2934; x_wconf 90' lang='lat' dir='ltr'>est</span> <span class='ocrx_word' id='word_1_254' title='bbox 1393 2884 1427 2936; x_wconf 86' lang='lat' dir='ltr'>ab</span> <span class='ocrx_word' id='word_1_255' title='bbox 1442 2899 1486 2936; x_wconf 86' lang='lat' dir='ltr'>ee-</span> 
     </span>
     <span class='ocr_line' id='line_1_25' title="bbox 165 2972 1488 3039; baseline -0.002 -14"><span class='ocrx_word' id='word_1_256' title='bbox 165 2975 279 3039; x_wconf 87' lang='lat' dir='ltr'>quitatis</span> <span class='ocrx_word' id='word_1_257' title='bbox 289 2973 388 3036; x_wconf 89' lang='lat' dir='ltr'>regula</span> <span class='ocrx_word' id='word_1_258' title='bbox 399 2975 524 3024; x_wconf 89' lang='lat' dir='ltr'>revocari</span> <span class='ocrx_word' id='word_1_259' title='bbox 537 2972 674 3024; x_wconf 85' lang='lat' dir='ltr'>:divinum</span> <span class='ocrx_word' id='word_1_260' title='bbox 687 2975 830 3024; x_wconf 90' lang='lat' dir='ltr'>oraculum</span> <span class='ocrx_word' id='word_1_261' title='bbox 844 2976 989 3038; x_wconf 87' lang='lat' dir='ltr'>requisivit</span> <span class='ocrx_word' id='word_1_262' title='bbox 1001 2975 1215 3037; x_wconf 86' lang='lat' dir='ltr'>obtentumque,</span> <span class='ocrx_word' id='word_1_263' title='bbox 1230 2973 1305 3038; x_wconf 86' lang='lat' dir='ltr'>quod</span> <span class='ocrx_word' id='word_1_264' title='bbox 1315 2973 1488 3024; x_wconf 87' lang='lat' dir='ltr'>Manassaeis</span> 
     </span>
     <span class='ocr_line' id='line_1_26' title="bbox 164 3061 1487 3126; baseline -0.001 -14"><span class='ocrx_word' id='word_1_265' title='bbox 164 3065 224 3112; x_wconf 92' lang='lat' dir='ltr'>tum</span> <span class='ocrx_word' id='word_1_266' title='bbox 248 3062 371 3122; x_wconf 84' lang='lat' dir='ltr'>lavabat,</span> <span class='ocrx_word' id='word_1_267' title='bbox 400 3063 599 3125; x_wconf 84' lang='lat' dir='ltr'>promulgavit.</span> <span class='ocrx_word' id='word_1_268' title='bbox 626 3061 712 3116; x_wconf 84' lang='lat' dir='ltr'>Filiae</span> <span class='ocrx_word' id='word_1_269' title='bbox 738 3063 812 3126; x_wconf 88' lang='lat' dir='ltr'>apud</span> <span class='ocrx_word' id='word_1_270' title='bbox 842 3062 962 3113; x_wconf 85' lang='lat' dir='ltr'>Semitas</span> <span class='ocrx_word' id='word_1_271' title='bbox 986 3077 1042 3113; x_wconf 89' lang='lat' dir='ltr'>non</span> <span class='ocrx_word' id='word_1_272' title='bbox 1072 3063 1231 3113; x_wconf 89' lang='lat' dir='ltr'>necessario</span> <span class='ocrx_word' id='word_1_273' title='bbox 1266 3061 1487 3112; x_wconf 87' lang='lat' dir='ltr'>excludebantur</span> 
     </span>
     <span class='ocr_line' id='line_1_27' title="bbox 163 3145 1486 3215; baseline -0.001 -15"><span class='ocrx_word' id='word_1_274' title='bbox 163 3146 337 3202; x_wconf 87' lang='lat' dir='ltr'>haereditate</span> <span class='ocrx_word' id='word_1_275' title='bbox 362 3149 420 3215; x_wconf 77' lang='lat' dir='ltr'>{lob</span> <span class='ocrx_word' id='word_1_276' title='bbox 441 3145 548 3215; x_wconf 76' lang='lat' dir='ltr'>tr,15);</span> <span class='ocrx_word' id='word_1_277' title='bbox 562 3152 656 3200; x_wconf 89' lang='lat' dir='ltr'>tamen</span> <span class='ocrx_word' id='word_1_278' title='bbox 674 3151 748 3213; x_wconf 83' lang='lat' dir='ltr'>apud</span> <span class='ocrx_word' id='word_1_279' title='bbox 768 3150 926 3210; x_wconf 88' lang='lat' dir='ltr'>Hebraeos,</span> <span class='ocrx_word' id='word_1_280' title='bbox 949 3154 1059 3214; x_wconf 87' lang='lat' dir='ltr'>praeter</span> <span class='ocrx_word' id='word_1_281' title='bbox 1081 3151 1189 3210; x_wconf 88' lang='lat' dir='ltr'>dotem,</span> <span class='ocrx_word' id='word_1_282' title='bbox 1203 3163 1261 3202; x_wconf 89' lang='lat' dir='ltr'>non</span> <span class='ocrx_word' id='word_1_283' title='bbox 1280 3149 1421 3200; x_wconf 88' lang='lat' dir='ltr'>habebant</span> <span class='ocrx_word' id='word_1_284' title='bbox 1441 3151 1486 3200; x_wconf 88' lang='lat' dir='ltr'>ius</span> 
     </span>
     <span class='ocr_line' id='line_1_28' title="bbox 162 3235 1484 3306; baseline 0.001 -18"><span class='ocrx_word' id='word_1_285' title='bbox 162 3241 215 3290; x_wconf 90' lang='lat' dir='ltr'>nisi</span> <span class='ocrx_word' id='word_1_286' title='bbox 237 3239 272 3290; x_wconf 90' lang='lat' dir='ltr'>ad</span> <span class='ocrx_word' id='word_1_287' title='bbox 298 3241 530 3290; x_wconf 87' lang='lat' dir='ltr'>sustentationem</span> <span class='ocrx_word' id='word_1_288' title='bbox 549 3245 614 3288; x_wconf 86' lang='lat' dir='ltr'>ante</span> <span class='ocrx_word' id='word_1_289' title='bbox 638 3241 665 3287; x_wconf 87' lang='lat' dir='ltr'>et</span> <span class='ocrx_word' id='word_1_290' title='bbox 682 3243 745 3302; x_wconf 90' lang='lat' dir='ltr'>post</span> <span class='ocrx_word' id='word_1_291' title='bbox 766 3241 974 3289; x_wconf 89' lang='lat' dir='ltr'>matrimonium</span> <span class='ocrx_word' id='word_1_292' title='bbox 991 3237 1049 3306; x_wconf 78' lang='lat' dir='ltr'>(Ex.</span> <span class='ocrx_word' id='word_1_293' title='bbox 1073 3239 1150 3301; x_wconf 77' lang='lat' dir='ltr'>ti,9;</span> <span class='ocrx_word' id='word_1_294' title='bbox 1170 3239 1238 3289; x_wconf 89' lang='lat' dir='ltr'>Lev.</span> <span class='ocrx_word' id='word_1_295' title='bbox 1265 3237 1312 3299; x_wconf 74' lang='lat' dir='ltr'>it,</span> <span class='ocrx_word' id='word_1_296' title='bbox 1340 3235 1396 3304; x_wconf 77' lang='lat'><strong>1³);</strong></span> <span class='ocrx_word' id='word_1_297' title='bbox 1419 3239 1484 3302; x_wconf 84' lang='lat' dir='ltr'>lege</span> 
     </span>
     <span class='ocr_line' id='line_1_29' title="bbox 162 3325 1482 3392; baseline -0.001 -14"><span class='ocrx_word' id='word_1_298' title='bbox 162 3328 245 3378; x_wconf 88' lang='lat' dir='ltr'>Num.</span> <span class='ocrx_word' id='word_1_299' title='bbox 272 3325 351 3387; x_wconf 77' lang='lat'>26,53</span> <span class='ocrx_word' id='word_1_300' title='bbox 375 3329 472 3390; x_wconf 83' lang='lat' dir='ltr'>utique</span> <span class='ocrx_word' id='word_1_301' title='bbox 503 3325 733 3386; x_wconf 88' lang='lat' dir='ltr'>excludebantur,</span> <span class='ocrx_word' id='word_1_302' title='bbox 758 3339 794 3377; x_wconf 90' lang='lat' dir='ltr'>ne</span> <span class='ocrx_word' id='word_1_303' title='bbox 820 3329 922 3376; x_wconf 87' lang='lat' dir='ltr'>terram</span> <span class='ocrx_word' id='word_1_304' title='bbox 946 3327 1118 3379; x_wconf 88' lang='lat' dir='ltr'>haereditate</span> <span class='ocrx_word' id='word_1_305' title='bbox 1146 3329 1320 3392; x_wconf 87' lang='lat' dir='ltr'>acciperent,</span> <span class='ocrx_word' id='word_1_306' title='bbox 1348 3327 1482 3392; x_wconf 90' lang='lat' dir='ltr'>quamdiu</span> 
     </span>
     <span class='ocr_line' id='line_1_30' title="bbox 161 3413 1483 3480; baseline -0.002 -14"><span class='ocrx_word' id='word_1_307' title='bbox 161 3415 274 3468; x_wconf 86' lang='lat' dir='ltr'>tratrem</span> <span class='ocrx_word' id='word_1_308' title='bbox 287 3415 421 3466; x_wconf 88' lang='lat' dir='ltr'>baberent</span> <span class='ocrx_word' id='word_1_309' title='bbox 444 3416 637 3479; x_wconf 66' lang='lat' dir='ltr'>superstitem</span> <span class='ocrx_word' id='word_1_310' title='bbox 654 3427 705 3480; x_wconf 90' lang='lat' dir='ltr'>pre</span> <span class='ocrx_word' id='word_1_311' title='bbox 720 3427 800 3475; x_wconf 85' lang='lat' dir='ltr'>casu,</span> <span class='ocrx_word' id='word_1_312' title='bbox 813 3415 925 3478; x_wconf 89' lang='lat' dir='ltr'>quando</span> <span class='ocrx_word' id='word_1_313' title='bbox 947 3413 1032 3466; x_wconf 87' lang='lat' dir='ltr'>irater</span> <span class='ocrx_word' id='word_1_314' title='bbox 1050 3415 1194 3477; x_wconf 80' lang='lat' dir='ltr'>deiceret,</span> <span class='ocrx_word' id='word_1_315' title='bbox 1211 3417 1287 3467; x_wconf 90' lang='lat' dir='ltr'>Deus</span> <span class='ocrx_word' id='word_1_316' title='bbox 1302 3428 1353 3479; x_wconf 91' lang='lat' dir='ltr'>per</span> <span class='ocrx_word' id='word_1_317' title='bbox 1368 3417 1483 3480; x_wconf 86' lang='lat' dir='ltr'>Moysen</span> 
     </span>
     <span class='ocr_line' id='line_1_31' title="bbox 162 3503 630 3568; baseline -0.002 -13"><span class='ocrx_word' id='word_1_318' title='bbox 162 3504 253 3568; x_wconf 88' lang='lat' dir='ltr'>legem</span> <span class='ocrx_word' id='word_1_319' title='bbox 268 3505 331 3554; x_wconf 90' lang='lat' dir='ltr'>tulit</span> <span class='ocrx_word' id='word_1_320' title='bbox 343 3506 371 3554; x_wconf 91' lang='lat' dir='ltr'>in</span> <span class='ocrx_word' id='word_1_321' title='bbox 383 3517 479 3556; x_wconf 89' lang='lat' dir='ltr'>earum</span> <span class='ocrx_word' id='word_1_322' title='bbox 495 3503 630 3554; x_wconf 75' lang='lat' dir='ltr'>favorem.</span> 
     </span>
    </p>
   </div>
   <div class='ocr_carea' id='block_1_4' title="bbox 161 3730 1484 4888">
    <p class='ocr_par' dir='ltr' id='par_1_4' title="bbox 161 3730 1484 4888">
     <span class='ocr_line' id='line_1_32' title="bbox 207 3730 1480 3820; baseline 0.004 -25"><span class='ocrx_word' id='word_1_323' title='bbox 207 3753 239 3798; x_wconf 93' lang='lat' dir='ltr'>v.</span> <span class='ocrx_word' id='word_1_324' title='bbox 266 3737 285 3798; x_wconf 86' lang='lat'><strong>3</strong></span> <span class='ocrx_word' id='word_1_325' title='bbox 311 3758 327 3792; x_wconf 90' lang='lat'>«</span> <span class='ocrx_word' id='word_1_326' title='bbox 354 3734 459 3798; x_wconf 90' lang='lat' dir='ltr'>Pater</span> <span class='ocrx_word' id='word_1_327' title='bbox 475 3743 590 3798; x_wconf 84' lang='lat' dir='ltr'>noster</span> <span class='ocrx_word' id='word_1_328' title='bbox 609 3744 765 3798; x_wconf 74' lang='lat' dir='ltr'>martana</span> <span class='ocrx_word' id='word_1_329' title='bbox 784 3744 832 3798; x_wconf 84' lang='lat' dir='ltr'>est</span> <span class='ocrx_word' id='word_1_330' title='bbox 853 3731 890 3797; x_wconf 83' lang='lat' dir='ltr'>in</span> <span class='ocrx_word' id='word_1_331' title='bbox 912 3731 1041 3799; x_wconf 83' lang='lat' dir='ltr'>deserto</span> <span class='ocrx_word' id='word_1_332' title='bbox 1063 3753 1125 3798; x_wconf 89' lang='lat' dir='ltr'>nee</span> <span class='ocrx_word' id='word_1_333' title='bbox 1147 3733 1222 3820; x_wconf 83' lang='lat' dir='ltr'>fait</span> <span class='ocrx_word' id='word_1_334' title='bbox 1241 3730 1277 3799; x_wconf 84' lang='lat' dir='ltr'>in</span> <span class='ocrx_word' id='word_1_335' title='bbox 1295 3732 1480 3816; x_wconf 82' lang='lat' dir='ltr'>seditione,</span> 
     </span>
     <span class='ocr_line' id='line_1_33' title="bbox 162 3837 1484 3929; baseline -0.002 -25"><span class='ocrx_word' id='word_1_336' title='bbox 162 3857 251 3926; x_wconf 76' lang='lat' dir='ltr'>perae</span> <span class='ocrx_word' id='word_1_337' title='bbox 265 3839 435 3904; x_wconf 85' lang='lat' dir='ltr'>concitato</span> <span class='ocrx_word' id='word_1_338' title='bbox 449 3849 498 3902; x_wconf 84' lang='lat' dir='ltr'>est</span> <span class='ocrx_word' id='word_1_339' title='bbox 513 3847 631 3904; x_wconf 89' lang='lat' dir='ltr'>contra</span> <span class='ocrx_word' id='word_1_340' title='bbox 645 3837 829 3904; x_wconf 84' lang='lat' dir='ltr'>Dominam</span> <span class='ocrx_word' id='word_1_341' title='bbox 844 3839 904 3903; x_wconf 77' lang='lat' dir='ltr'>stab</span> <span class='ocrx_word' id='word_1_342' title='bbox 924 3840 1022 3920; x_wconf 85' lang='lat' dir='ltr'>Cere,</span> <span class='ocrx_word' id='word_1_343' title='bbox 1036 3837 1097 3904; x_wconf 82' lang='lat' dir='ltr'>sed</span> <span class='ocrx_word' id='word_1_344' title='bbox 1109 3837 1146 3904; x_wconf 85' lang='lat' dir='ltr'>r&#39;n</span> <span class='ocrx_word' id='word_1_345' title='bbox 1156 3851 1298 3929; x_wconf 88' lang='lat' dir='ltr'>peceato</span> <span class='ocrx_word' id='word_1_346' title='bbox 1314 3861 1375 3905; x_wconf 83' lang='lat' dir='ltr'>sao</span> <span class='ocrx_word' id='word_1_347' title='bbox 1389 3861 1484 3904; x_wconf 85' lang='lat' dir='ltr'>rnor-</span> 
     </span>
     <span class='ocr_line' id='line_1_34' title="bbox 165 3942 1480 4034; baseline 0.001 -25"><span class='ocrx_word' id='word_1_348' title='bbox 165 3955 243 4011; x_wconf 87' lang='lat' dir='ltr'>tuas</span> <span class='ocrx_word' id='word_1_349' title='bbox 256 3957 323 4028; x_wconf 84' lang='lat' dir='ltr'>est;</span> <span class='ocrx_word' id='word_1_350' title='bbox 338 3943 391 4010; x_wconf 76' lang='lat' dir='ltr'>iic</span> <span class='ocrx_word' id='word_1_351' title='bbox 413 3966 482 4009; x_wconf 90' lang='lat' dir='ltr'>non</span> <span class='ocrx_word' id='word_1_352' title='bbox 503 3942 623 4010; x_wconf 78' lang='lat' dir='ltr'>babuit</span> <span class='ocrx_word' id='word_1_353' title='bbox 640 3966 750 4010; x_wconf 85' lang='lat' dir='ltr'>mores</span> <span class='ocrx_word' id='word_1_354' title='bbox 763 3945 855 4034; x_wconf 78' lang='lat' dir='ltr'>filios</span> <span class='ocrx_word' id='word_1_355' title='bbox 871 3971 903 4011; x_wconf 80' lang='lat' dir='ltr'>n.</span> <span class='ocrx_word' id='word_1_356' title='bbox 917 3947 1018 4012; x_wconf 83' lang='lat' dir='ltr'>Recte</span> <span class='ocrx_word' id='word_1_357' title='bbox 1032 3948 1088 4012; x_wconf 79' lang='lat' dir='ltr'>Pe.</span> <span class='ocrx_word' id='word_1_358' title='bbox 1106 3947 1178 4011; x_wconf 83' lang='lat' dir='ltr'>lon.</span> <span class='ocrx_word' id='word_1_359' title='bbox 1195 3968 1208 4010; x_wconf 93' lang='lat'>.·</span> <span class='ocrx_word' id='word_1_360' title='bbox 1224 3945 1377 4034; x_wconf 86' lang='lat' dir='ltr'>peccavit</span> <span class='ocrx_word' id='word_1_361' title='bbox 1393 3944 1480 4032; x_wconf 90' lang='lat' dir='ltr'>ipse,</span> 
     </span>
     <span class='ocr_line' id='line_1_35' title="bbox 163 4049 1480 4141; baseline -0.002 -24"><span class='ocrx_word' id='word_1_362' title='bbox 163 4050 249 4118; x_wconf 88' lang='lat' dir='ltr'>alios</span> <span class='ocrx_word' id='word_1_363' title='bbox 267 4073 408 4139; x_wconf 88' lang='lat' dir='ltr'>peccare</span> <span class='ocrx_word' id='word_1_364' title='bbox 428 4072 499 4117; x_wconf 89' lang='lat' dir='ltr'>non</span> <span class='ocrx_word' id='word_1_365' title='bbox 517 4050 610 4118; x_wconf 84' lang='lat' dir='ltr'>lecit.</span> <span class='ocrx_word' id='word_1_366' title='bbox 628 4049 694 4116; x_wconf 89' lang='lat' dir='ltr'>Sed</span> <span class='ocrx_word' id='word_1_367' title='bbox 710 4050 884 4139; x_wconf 89' lang='lat' dir='ltr'>quodnam</span> <span class='ocrx_word' id='word_1_368' title='bbox 905 4050 991 4119; x_wconf 92' lang='lat' dir='ltr'>illud</span> <span class='ocrx_word' id='word_1_369' title='bbox 1008 4055 1209 4141; x_wconf 81' lang='lat' dir='ltr'>peccatum?</span> <span class='ocrx_word' id='word_1_370' title='bbox 1227 4051 1389 4138; x_wconf 78' lang='lat' dir='ltr'>suggerit</span> <span class='ocrx_word' id='word_1_371' title='bbox 1408 4049 1480 4118; x_wconf 79' lang='lat' dir='ltr'>cat.</span> 
     </span>
     <span class='ocr_line' id='line_1_36' title="bbox 162 4156 1483 4248; baseline -0.002 -23"><span class='ocrx_word' id='word_1_372' title='bbox 162 4163 337 4248; x_wconf 86' lang='lat' dir='ltr'>peceatum</span> <span class='ocrx_word' id='word_1_373' title='bbox 353 4162 451 4223; x_wconf 91' lang='lat' dir='ltr'>Num.</span> <span class='ocrx_word' id='word_1_374' title='bbox 468 4162 521 4236; x_wconf 84' lang='lat' dir='ltr'>n,</span> <span class='ocrx_word' id='word_1_375' title='bbox 537 4156 582 4223; x_wconf 92' lang='lat' dir='ltr'>ob</span> <span class='ocrx_word' id='word_1_376' title='bbox 595 4156 687 4246; x_wconf 89' lang='lat' dir='ltr'>qnod</span> <span class='ocrx_word' id='word_1_377' title='bbox 700 4156 808 4224; x_wconf 86' lang='lat' dir='ltr'>adulti</span> <span class='ocrx_word' id='word_1_378' title='bbox 823 4162 896 4224; x_wconf 89' lang='lat' dir='ltr'>tum</span> <span class='ocrx_word' id='word_1_379' title='bbox 909 4179 1026 4226; x_wconf 86' lang='lat' dir='ltr'>ornnes</span> <span class='ocrx_word' id='word_1_380' title='bbox 1039 4157 1164 4225; x_wconf 87' lang='lat' dir='ltr'>exclusi</span> <span class='ocrx_word' id='word_1_381' title='bbox 1173 4161 1254 4224; x_wconf 89' lang='lat' dir='ltr'>sunt</span> <span class='ocrx_word' id='word_1_382' title='bbox 1268 4157 1312 4224; x_wconf 86' lang='lat' dir='ltr'>ab</span> <span class='ocrx_word' id='word_1_383' title='bbox 1327 4157 1483 4244; x_wconf 88' lang='lat' dir='ltr'>ingressu</span> 
     </span>
     <span class='ocr_line' id='line_1_37' title="bbox 161 4262 1484 4354; baseline 0 -23"><span class='ocrx_word' id='word_1_384' title='bbox 161 4268 272 4331; x_wconf 89' lang='lat' dir='ltr'>terrae</span> <span class='ocrx_word' id='word_1_385' title='bbox 301 4267 447 4330; x_wconf 86' lang='lat' dir='ltr'>sanctae.</span> <span class='ocrx_word' id='word_1_386' title='bbox 471 4262 628 4352; x_wconf 84' lang='lat' dir='ltr'>Facitque</span> <span class='ocrx_word' id='word_1_387' title='bbox 652 4262 761 4330; x_wconf 80' lang='lat' dir='ltr'>Color.</span> <span class='ocrx_word' id='word_1_388' title='bbox 786 4262 864 4330; x_wconf 87' lang='lat' dir='ltr'>illes</span> <span class='ocrx_word' id='word_1_389' title='bbox 881 4265 969 4332; x_wconf 87' lang='lat' dir='ltr'>filias</span> <span class='ocrx_word' id='word_1_390' title='bbox 998 4265 1243 4354; x_wconf 86' lang='lat' dir='ltr'>italoqnentes</span> <span class='ocrx_word' id='word_1_391' title='bbox 1270 4285 1278 4328; x_wconf 90' lang='lat'>:</span> <span class='ocrx_word' id='word_1_392' title='bbox 1305 4289 1321 4323; x_wconf 74' lang='grc' dir='ltr'>(ι</span> <span class='ocrx_word' id='word_1_393' title='bbox 1347 4263 1484 4330; x_wconf 82' lang='lat' dir='ltr'>Alienus</span> 
     </span>
     <span class='ocr_line' id='line_1_38' title="bbox 163 4368 1483 4460; baseline -0.001 -24"><span class='ocrx_word' id='word_1_394' title='bbox 163 4374 213 4436; x_wconf 90' lang='lat' dir='ltr'>est</span> <span class='ocrx_word' id='word_1_395' title='bbox 228 4397 243 4429; x_wconf 76' lang='lat' dir='ltr'>o</span> <span class='ocrx_word' id='word_1_396' title='bbox 261 4373 361 4458; x_wconf 88' lang='lat' dir='ltr'>pater</span> <span class='ocrx_word' id='word_1_397' title='bbox 378 4375 492 4436; x_wconf 89' lang='lat' dir='ltr'>noster</span> <span class='ocrx_word' id='word_1_398' title='bbox 508 4397 523 4430; x_wconf 92' lang='lat'>«</span> <span class='ocrx_word' id='word_1_399' title='bbox 544 4368 587 4436; x_wconf 85' lang='lat' dir='ltr'>ab</span> <span class='ocrx_word' id='word_1_400' title='bbox 603 4391 722 4437; x_wconf 91' lang='lat' dir='ltr'>eorum</span> <span class='ocrx_word' id='word_1_401' title='bbox 742 4392 901 4452; x_wconf 86' lang='lat' dir='ltr'>numero,</span> <span class='ocrx_word' id='word_1_402' title='bbox 918 4371 979 4460; x_wconf 93' lang='lat' dir='ltr'>qui</span> <span class='ocrx_word' id='word_1_403' title='bbox 993 4369 1297 4438; x_wconf 88' lang='lat' dir='ltr'>extraordinariam</span> <span class='ocrx_word' id='word_1_404' title='bbox 1318 4369 1483 4438; x_wconf 88' lang='lat' dir='ltr'>ultionem</span> 
     </span>
     <span class='ocr_line' id='line_1_39' title="bbox 163 4475 1484 4566; baseline -0.001 -23"><span class='ocrx_word' id='word_1_405' title='bbox 163 4476 200 4543; x_wconf 93' lang='lat' dir='ltr'>in</span> <span class='ocrx_word' id='word_1_406' title='bbox 219 4496 318 4541; x_wconf 89' lang='lat' dir='ltr'>suum</span> <span class='ocrx_word' id='word_1_407' title='bbox 333 4481 434 4564; x_wconf 89' lang='lat' dir='ltr'>caput</span> <span class='ocrx_word' id='word_1_408' title='bbox 448 4497 693 4566; x_wconf 87' lang='lat' dir='ltr'>provocavere,</span> <span class='ocrx_word' id='word_1_409' title='bbox 710 4477 780 4543; x_wconf 90' lang='lat' dir='ltr'>sive</span> <span class='ocrx_word' id='word_1_410' title='bbox 795 4479 922 4545; x_wconf 89' lang='lat' dir='ltr'>conscii</span> <span class='ocrx_word' id='word_1_411' title='bbox 937 4477 1121 4544; x_wconf 87' lang='lat' dir='ltr'>murmuris</span> <span class='ocrx_word' id='word_1_412' title='bbox 1135 4477 1203 4544; x_wconf 92' lang='lat' dir='ltr'>sive</span> <span class='ocrx_word' id='word_1_413' title='bbox 1218 4475 1388 4564; x_wconf 81' lang='lat' dir='ltr'>gravioris</span> <span class='ocrx_word' id='word_1_414' title='bbox 1400 4476 1484 4542; x_wconf 90' lang='lat' dir='ltr'>alte·</span> 
     </span>
     <span class='ocr_line' id='line_1_40' title="bbox 166 4580 1484 4673; baseline -0.001 -23"><span class='ocrx_word' id='word_1_415' title='bbox 166 4580 415 4663; x_wconf 89' lang='lat' dir='ltr'>riuseriminis‚</span> <span class='ocrx_word' id='word_1_416' title='bbox 433 4583 481 4648; x_wconf 86' lang='lat' dir='ltr'>nti</span> <span class='ocrx_word' id='word_1_417' title='bbox 509 4581 707 4650; x_wconf 86' lang='lat' dir='ltr'>delectionis</span> <span class='ocrx_word' id='word_1_418' title='bbox 734 4585 866 4651; x_wconf 84' lang='lat' dir='ltr'>bathan</span> <span class='ocrx_word' id='word_1_419' title='bbox 893 4589 926 4650; x_wconf 90' lang='lat' dir='ltr'>et</span> <span class='ocrx_word' id='word_1_420' title='bbox 952 4583 1090 4651; x_wconf 74' lang='lat' dir='ltr'>abiron.</span> <span class='ocrx_word' id='word_1_421' title='bbox 1116 4581 1226 4649; x_wconf 86' lang='lat' dir='ltr'>Vitam</span> <span class='ocrx_word' id='word_1_422' title='bbox 1252 4603 1386 4673; x_wconf 90' lang='lat' dir='ltr'>semper</span> <span class='ocrx_word' id='word_1_423' title='bbox 1413 4583 1484 4670; x_wconf 88' lang='lat' dir='ltr'>egit</span> 
     </span>
     <span class='ocr_line' id='line_1_41' title="bbox 167 4687 1482 4779; baseline 0.002 -25"><span class='ocrx_word' id='word_1_424' title='bbox 167 4689 351 4779; x_wconf 88' lang='lat' dir='ltr'>privatam,</span> <span class='ocrx_word' id='word_1_425' title='bbox 374 4687 562 4777; x_wconf 89' lang='lat' dir='ltr'>eodemque</span> <span class='ocrx_word' id='word_1_426' title='bbox 585 4709 666 4756; x_wconf 90' lang='lat' dir='ltr'>cum</span> <span class='ocrx_word' id='word_1_427' title='bbox 688 4691 808 4756; x_wconf 88' lang='lat' dir='ltr'>ceteris</span> <span class='ocrx_word' id='word_1_428' title='bbox 830 4690 991 4757; x_wconf 91' lang='lat' dir='ltr'>omnibus</span> <span class='ocrx_word' id='word_1_429' title='bbox 1008 4692 1077 4756; x_wconf 85' lang='lat' dir='ltr'>feto</span> <span class='ocrx_word' id='word_1_430' title='bbox 1098 4690 1257 4757; x_wconf 88' lang='lat' dir='ltr'>occubuit</span> <span class='ocrx_word' id='word_1_431' title='bbox 1277 4690 1313 4755; x_wconf 92' lang='lat' dir='ltr'>in</span> <span class='ocrx_word' id='word_1_432' title='bbox 1334 4689 1482 4772; x_wconf 83' lang='lat' dir='ltr'>deserto,</span> 
     </span>
     <span class='ocr_line' id='line_1_42' title="bbox 165 4794 1483 4888; baseline 0.004 -28"><span class='ocrx_word' id='word_1_433' title='bbox 165 4794 253 4864; x_wconf 90' lang='lat' dir='ltr'>latae</span> <span class='ocrx_word' id='word_1_434' title='bbox 279 4817 300 4862; x_wconf 88' lang='lat' dir='ltr'>a</span> <span class='ocrx_word' id='word_1_435' title='bbox 329 4797 471 4862; x_wconf 87' lang='lat' dir='ltr'>Domino</span> <span class='ocrx_word' id='word_1_436' title='bbox 497 4795 683 4862; x_wconf 85' lang='lat' dir='ltr'>sententiae</span> <span class='ocrx_word' id='word_1_437' title='bbox 707 4816 801 4876; x_wconf 86' lang='lat' dir='ltr'>reus,</span> <span class='ocrx_word' id='word_1_438' title='bbox 836 4802 945 4864; x_wconf 87' lang='lat' dir='ltr'>morte</span> <span class='ocrx_word' id='word_1_439' title='bbox 970 4796 1164 4864; x_wconf 88' lang='lat' dir='ltr'>damnantis</span> <span class='ocrx_word' id='word_1_440' title='bbox 1190 4817 1263 4876; x_wconf 85' lang='lat' dir='ltr'>eos,</span> <span class='ocrx_word' id='word_1_441' title='bbox 1289 4795 1483 4888; x_wconf 88' lang='lat' dir='ltr'>quicunque</span> 
     </span>
    </p>
   </div>
   <div class='ocr_carea' id='block_1_5' title="bbox 0 0 1782 5406">
    <p class='ocr_par' dir='ltr' id='par_1_5' title="bbox 0 0 1782 5406">
     <span class='ocr_line' id='line_1_43' title="bbox 0 0 1782 5406; baseline 0 2"><span class='ocrx_word' id='word_1_442' title='bbox 0 0 1782 5406; x_wconf 95' lang='lat' dir='ltr'> </span> 
     </span>
    </p>
   </div>
  </div>
 </body>
</html>
