3554 5406
681 435 800 480 naman
825 437 861 479 nr
883 435 1017 481 neesras.
1292 427 1296 433 '
1455 419 1510 480 301

193 570 259 636 sint
282 571 406 636 Cinaei.
430 575 592 652 Maio-Mt
611 592 681 636 non
698 569 862 637 videntur
879 569 981 636 nobis
999 591 1107 658 aeque
1126 567 1269 636 indubie
1289 591 1360 636 esse
1377 571 1513 637 oracula

192 676 324 757 divina,
349 683 451 765 atque
472 675 562 744 illud
581 682 742 757 atAt-19
769 699 777 744 :
800 699 871 743 non
889 677 1159 766 praemittuntur
1180 674 1301 756 verba,
1327 677 1443 766 qualia
1464 678 1513 744 le-

191 789 321 869 guntur
341 789 433 866 23,t.
461 788 518 864 163
540 789 633 867 21ι,1.
656 791 674 850 3
697 805 748 874 sq.
776 790 816 849 15
835 805 888 872 sq.
911 805 1067 872 quaeque
1090 781 1272 849 ostendant
1293 783 1470 850 oraculum
1493 805 1513 848 a

192 890 293 956 lahve
307 888 626 956 Balaamoinditum
643 911 731 969 esse;
748 888 805 955 sed
822 895 964 979 potuere
976 887 1116 956 oracula
1131 894 1292 970 Muto-it
1309 911 1428 979 reapse
1443 911 1513 956 esse

191 997 346 1062 humana
372 995 585 1062 edendorum
610 995 848 1062 vaticiniorum
874 997 1074 1063 tentamina.
1097 994 1132 1061 Si
1158 1001 1274 1062 tamen
1298 995 1415 1063 divina
1438 1019 1513 1062 esse
1579 1031 1581 1034 ·

189 1108 439 1192 supponantur,
456 1101 595 1168 adverte
612 1129 628 1163 u
648 1107 783 1191 tempus
801 1103 1021 1169 novissimum
1037 1131 1068 1186 a,
1086 1101 1136 1168 ati
1150 1100 1235 1168 alias
1249 1103 1343 1191 apud
1357 1108 1514 1169 auctores

188 1208 388 1298 inspiratos,
414 1210 514 1298 plura
537 1208 717 1297 complecti
739 1214 911 1299 tempora,
938 1230 1026 1297 quae
1048 1213 1143 1276 vates
1164 1231 1227 1298 per
1248 1208 1390 1276 modurn
1413 1209 1513 1275 unius

189 1320 392 1382 contueatur
413 1338 421 1380 ε
440 1321 575 1404 tempus
590 1314 834 1382 dominationis
853 1314 1085 1402 Assyriorum,
1103 1313 1350 1382 dominationis
1369 1321 1512 1383 Graeco-

190 1443 266 1487 rum
300 1427 333 1487 et
364 1425 613 1502 Romanorum,
642 1427 776 1511 tempus
806 1421 1056 1488 messianioum.
1086 1421 1134 1488 Gt.
1169 1443 1257 1510 quae
1287 1420 1440 1488 dicemus
1470 1420 1512 1488 ad

192 1533 304 1604 ΜΒ.

233 1633 533 1722 Perpendebamus
547 1634 724 1724 hucusque
742 1640 890 1724 quatuor
910 1656 979 1701 una
998 1633 1163 1701 vaticinia
1183 1633 1250 1700 :de
1265 1639 1388 1723 quarto
1407 1655 1512 1725 porro
1595 1715 1597 1720 ι

188 1741 403 1830 pensandum
421 1741 523 1808 nobis
541 1747 606 1822 est,
626 1763 695 1830 qua
713 1741 846 1807 ratione
866 1739 955 1806 illud
969 1739 1012 1806 sit
1025 1739 1274 1810 messiauicum.
1293 1741 1355 1807 Ubi
1370 1738 1511 1806 omnino

188 1847 453 1936 praeterendum
482 1869 658 1914 censemus
686 1848 906 1927 sententiam,
934 1868 1039 1936 quam
1073 1852 1149 1937 post
1183 1849 1273 1912 LXX
1301 1849 1400 1936 Ture.
1429 1847 1507 1936 Syr.

187 1963 328 2020 tenuere
342 1953 514 2043 plerique,
533 1960 693 2042 quartum
710 1952 910 2021 vaticinium
930 1975 1000 2020 esse
1020 1952 1147 2020 directe
1167 1967 1200 2021 et
1220 1955 1318 2021 unice
1333 1952 1510 2020 messioni·

189 2082 284 2140 cum,
310 2060 444 2126 stellam
470 2065 503 2126 et
528 2064 700 2150 sceptrum
730 2059 839 2126 solum
871 2058 1108 2126 demonstrare
1140 2060 1323 2128 Christum.
1353 2060 1512 2127 Rationes

188 2165 306 2232 asserti
323 2164 394 2255 ipse
411 2167 676 2234 commentarius
691 2187 795 2254 supra
812 2164 957 2232 traditus
974 2167 1137 2255 suppetit,
1153 2172 1292 2256 praeter
1310 2187 1412 2254 quem
1431 2187 1509 2255 per-

186 2271 318 2361 pendas
341 2278 562 2359 argumenta,
590 2294 679 2362 quae
709 2276 826 2338 contre
853 2273 1057 2339 sententiam
1082 2272 1234 2362 proxime
1261 2270 1509 2339 discatiendam

187 2379 412 2466 proferemus

230 2490 333 2552 Tenet
347 2508 403 2567 ea,
420 2493 582 2576 quartum
598 2486 799 2553 vaticinium
819 2507 889 2552 esse
904 2483 946 2552 dc
965 2484 1124 2552 universo
1142 2508 1246 2575 reque
1264 2469 1422 2552 davidico
1441 2507 1511 2552 unu

186 2614 263 2657 cam
278 2594 413 2658 Massia.
435 2592 482 2660 Cl.
506 2591 719 2658 Maiestate.
744 2615 775 2682 p.
795 2597 859 2658 200
877 2613 951 2681 sqq.
974 2591 1096 2672 Stella,
1122 2598 1296 2682 sceptrum
1314 2596 1395 2658 sunt
1413 2611 1511 2678 reges

185 2719 301 2765 omnes
329 2721 349 2765 a
373 2697 498 2765 Davide
525 2697 569 2765 ad
598 2697 747 2766 Messiam
773 2720 892 2787 usque.
920 2703 1035 2766 Hostes
1064 2698 1303 2788 prosternendi
1327 2702 1407 2766 sunt
1432 2719 1510 2764 cum

183 2804 347 2871 Moabitae
361 2811 439 2888 etc,
454 2810 527 2871 tum
539 2803 725 2871 adversarii
737 2805 873 2871 Messiae
887 2805 1044 2894 quilibet.
1061 2808 1184 2871 Contra
1199 2827 1287 2894 quae
1299 2804 1510 2874 attendenda

185 2916 264 2977 sunt
277 2914 467 3001 sequentia.

233 3023 263 3082 l.
286 3023 441 3104 Regnum
458 3017 551 3107 apud
567 3017 734 3084 Hebraeos
747 3016 937 3106 aliquando
953 3017 1108 3084 laturum
1122 3016 1192 3083 iam
1211 3017 1322 3084 tribus
1337 3017 1510 3107 prioribus

186 3122 354 3190 vaticiniis
374 3123 573 3191 enuntiatur
589 3123 712 3212 idque,
728 3123 779 3189 uti
797 3124 1020 3207 crediderim,
1040 3123 1178 3190 Balaam
1200 3144 1269 3189 non
1289 3145 1353 3212 per
1371 3122 1509 3188 distinc-

185 3237 252 3296 tam
269 3229 507 3319 propheticam
521 3228 767 3297 revelationem
784 3229 924 3296 edoctus
943 3235 1008 3309 est,
1027 3228 1087 3295 sed
1106 3251 1148 3295 ex
1164 3229 1242 3296 idea
1258 3227 1509 3295 benedictionis

184 3338 299 3404 Israeli
317 3358 494 3404 concessae
509 3336 663 3423 legitime
679 3335 806 3402 evolvit
824 3356 830 3402 :
846 3335 1015 3401 eiusmodi
1030 3335 1120 3402 enirn
1139 3335 1383 3417 benedictionis
1398 3357 1507 3401 neces-

184 3445 292 3510 sariae
313 3449 427 3532 partes
448 3448 546 3510 erant
566 3463 791 3510 numerorum
812 3443 1040 3522 incrementa,
1063 3443 1189 3509 florens
1209 3463 1325 3508 rerum
1343 3441 1505 3525 conditio,

183 3550 324 3616 victoria
343 3549 579 3632 inimicorum,
597 3549 748 3639 perlecta
767 3547 908 3639 politica
922 3547 1117 3614 auctoritas.
1136 3552 1225 3636 Ergo
1241 3570 1318 3615 cum
1334 3547 1508 3638 prioribus

182 3656 252 3723 iam
268 3656 436 3722 vaticiniis
445 3677 593 3742 reguum
604 3655 809 3734 celebretur,
822 3676 855 3721 v.
873 3662 913 3721 17
929 3653 1109 3721 commode
1123 3655 1190 3721 hoc
1204 3677 1305 3722 sensu
1316 3655 1505 3745 accipitur:

184 3768 226 3830 Ex
252 3763 316 3829 isto
342 3762 439 3849 regio
472 3762 573 3829 lsrael
600 3769 671 3829 tam
705 3782 899 3842 numeroso,
925 3762 1084 3840 florente,
1111 3761 1339 3851 armipotente
1378 3763 1508 3830 orietur

182 3870 295 3950 stella,
314 3869 456 3936 Messias.

226 3983 257 4042 2.
290 3977 442 4043 Gratuita
471 3974 679 4064 supponitur
709 3975 846 4041 Balaam
874 3973 1117 4062 compendium
1145 3975 1252 4042 veluti
1278 3975 1415 4040 futurae
1443 3979 1505 4040 He-

183 4083 364 4149 braeorum
383 4081 546 4148 historiae
561 4079 740 4147 tradidisse
756 4080 920 4148 Moabitis.
942 4081 1137 4147 ammonita
1156 4080 1229 4170 ipse
1246 4079 1405 4146 tradebat
1428 4101 1506 4146 ora-

182 4187 260 4253 cula
273 4210 291 4252 a
303 4192 368 4253 Deo
380 4188 444 4254 sibi
457 4209 522 4277 pro
532 4187 686 4254 Moabitis
700 4187 893 4254 commissa.
907 4191 1012 4253 Porro
1028 4192 1158 4254 constat
1170 4192 1274 4253 Meum
1283 4186 1349 4252 duo
1363 4185 1505 4254 voluisse

182 4315 247 4382 per
274 4295 469 4360 Balaamum
493 4293 655 4361 Moabitas
683 4277 826 4361 edocere
851 4315 858 4361 :
886 4292 1168 4375 benedictionem,
1195 4314 1299 4381 quam
1323 4293 1505 4360 habiturus

182 4402 267 4466 esset
282 4400 400 4479 lsrael,
418 4407 451 4467 et
468 4399 629 4466 Messium
651 4405 848 4468 venturum.
871 4404 957 4467 Haec
977 4404 1070 4467 certa
1087 4407 1183 4482 sunt,
1201 4399 1333 4488 reliqua
1352 4401 1503 4486 gratuito

182 4506 408 4593 attinguntur.

227 4621 257 4680 3.
285 4618 443 4700 Regnum
463 4612 660 4681 davidicum
679 4614 746 4681 fuit
764 4614 882 4700 magni
904 4615 1069 4680 momenti
1093 4633 1146 4678 res
1164 4634 1226 4701 pro
1245 4611 1422 4695 Hebraeis,
1444 4611 1505 4679 sed

181 4743 252 4788 non
266 4721 331 4786 t'uit
345 4719 431 4786 tanti
449 4719 617 4787 momenti
636 4742 690 4786 res
707 4742 770 4810 pro
786 4719 949 4788 Moabitis.
971 4719 1045 4786 Fuit
1063 4718 1201 4809 quidem
1218 4717 1504 4805 gloriosissimum

181 4849 326 4915 regnum
348 4827 484 4894 [tavidis
503 4831 536 4894 et
557 4825 763 4908 Salomonis;
782 4827 845 4894 sub
866 4848 1014 4916 quorum
1034 4825 1282 4894 successoribus
1302 4847 1375 4892 non
1392 4829 1503 4892 tanto-
