3528 5402
705 420 779 464 uuu.
804 405 896 474 lala
916 421 979 472 suo.
1444 405 1502 464 153
1526 489 1529 498 1

180 551 329 618 bominis
348 577 380 632 u,
395 572 465 618 non
479 550 626 634 bestiae,
647 579 662 612 u
680 566 713 618 et
720 563 865 644 propter
878 555 940 620 boc
957 566 1084 643 septem
1099 551 1218 620 dicbus
1227 553 1335 642 scierit
1351 553 1503 620 immun-

178 656 242 724 dus
267 685 297 738 u,
319 681 350 723 v.
377 663 418 724 12
442 685 459 718 u
480 670 680 748 ospcrpctur
701 681 743 725 esc
762 658 827 727 boc
849 682 942 750 aquo
963 659 1019 726 die
1045 659 1144 726 tertio
1168 672 1202 726 et
1223 660 1381 750 septimo,
1401 671 1433 726 et
1453 660 1501 727 sic

177 762 416 831 mundabitur.
439 762 480 832 Si
502 762 558 830 die
582 765 679 830 tertio
702 788 856 856 uspersus
879 789 949 833 non
969 767 1095 856 suerit,
1117 767 1261 856 septimo
1286 789 1356 833 non
1374 766 1502 857 poterit

178 870 361 937 emundari
375 897 405 936 a.
421 893 453 937 ν.
472 875 511 937 13
528 898 544 932 u
565 870 693 953 Omnis,
712 872 774 960 qui
786 873 936 962 tetipcrit
948 872 1120 940 bermonoc
1132 872 1270 939 onimne
1282 875 1502 940 morticinum

179 989 210 1042 et
237 999 393 1067 uspersus
416 975 480 1044 boc
506 978 738 1045 commistione
760 1001 828 1047 non
852 980 976 1070 fecerit,
997 979 1130 1068 polluet
1159 980 1415 1046 tabernaculum
1438 984 1503 1046 Do-

180 1083 269 1150 mini
283 1111 298 1144 a
317 1084 374 1170 (cl.
389 1087 468 1150 LeV.
488 1084 615 1173 last),
633 1113 649 1146 «
667 1097 699 1151 et
707 1086 838 1177 peribit
853 1109 894 1152 en
913 1086 1024 1154 lsrael
1037 1114 1054 1147 »
1076 1091 1186 1154 morte
1198 1086 1307 1168 civili,
1321 1092 1500 1176 postquam

180 1189 442 1258 tabernaculum
461 1189 510 1257 ita
528 1190 701 1277 ingressus
719 1198 770 1259 est
794 1213 801 1258 :
825 1213 907 1280 crgo
923 1192 969 1259 ob
987 1192 1099 1260 solum
1118 1192 1218 1260 illum
1240 1192 1346 1260 ritum
1366 1198 1503 1260 arcetur

182 1298 340 1379 asacris,
355 1298 470 1387 quoad
490 1296 590 1364 illum
610 1298 714 1366 ritum
734 1299 961 1390 suppleverit,
979 1299 1074 1389 quod
1094 1321 1176 1366 sane
1197 1299 1301 1366 etiam
1321 1304 1396 1389 post
1410 1299 1501 1366 diem

180 1404 364 1494 septimum
380 1402 455 1471 fieri
469 1410 620 1493 poterat,
643 1404 761 1473 addito
776 1407 919 1474 tortasse
937 1406 1103 1474 sacrificio
1120 1427 1182 1495 pro
1196 1410 1351 1495 peccato.
1372 1432 1388 1466 u
1412 1405 1503 1487 Qeeio

181 1533 272 1600 aquo
288 1508 496 1600 expiationis
515 1533 584 1578 non
606 1523 653 1578 est
667 1535 842 1603 aspersus,
857 1512 1053 1580 immundus
1067 1512 1134 1579 erit
1149 1523 1181 1579 et
1198 1513 1350 1580 monebit
1369 1512 1502 1602 spurci-

182 1616 232 1682 tio
247 1619 318 1682 eius
336 1638 527 1706 supereum
544 1647 574 1685 a.

322 1845 355 1905 2.
381 1839 478 1905 Ritus
501 1861 614 1929 oquae
638 1839 790 1907 lustralis
814 1839 1027 1908 adhibendae
1051 1843 1157 1908 Num.
1185 1846 1360 1922 mut-nr.

227 2047 309 2131 Arq.
334 2079 379 2092 -
401 2041 569 2129 Legitima
591 2044 801 2130 generaliori
824 2030 861 2112 vi
887 2051 963 2112 1-13
986 2042 1183 2111 adnectitur
1202 2044 1302 2110 thora
1320 2043 1503 2135 specialior

184 2149 381 2216 describens
386 2149 518 2240 primo,
527 2172 590 2239 pro
601 2172 833 2240 quorumnam
847 2150 1072 2219 mundatione
1083 2151 1168 2218 hacc
1180 2172 1270 2240 aqua
1279 2149 1431 2217 lustralis
1442 2150 1502 2218 ad-

184 2254 338 2322 hibenda
352 2254 396 2322 sit
409 2279 443 2325 v.
462 2261 577 2336 11-16,
594 2257 760 2340 secundo,
781 2280 849 2347 quo
863 2258 932 2324 ritu
946 2256 1101 2324 lustratio
1117 2257 1159 2324 sit
1177 2256 1374 2347 peragenda
1390 2279 1421 2325 v.
1447 2263 1504 2323 17-

184 2367 242 2442 19,
259 2368 291 2428 et
312 2361 428 2448 tertio,
451 2384 555 2452 quam
573 2362 686 2431 stricte
704 2364 790 2430 haec
810 2364 911 2430 thora
935 2364 978 2430 sit
1000 2361 1214 2430 observanda
1233 2385 1265 2431 v.
1282 2362 1503 2431 11121.Αᾶ-

182 2467 345 2534 scribitur
359 2467 533 2558 appendix
546 2491 579 2536 v.
597 2471 665 2536 111.
689 2475 732 2537 22
753 2469 794 2536 de
807 2469 849 2537 iis
866 2469 943 2559 qui,
961 2491 1040 2536 cum
1052 2470 1118 2536 hac
1135 2491 1224 2559 aqua
1243 2469 1377 2536 lustrali
1391 2491 1454 2558 pro
1467 2491 1502 2536 se

182 2573 265 2664 ipsis
280 2597 351 2642 non
374 2574 572 2660 indigeant,
589 2575 685 2642 illam
701 2581 817 2643 tamen
833 2577 1023 2662 attigerint.
1037 2615 1082 2625 -
1095 2574 1219 2664 Incipit
1233 2575 1332 2642 thora
1347 2575 1503 2643 absolute

183 2681 323 2748 vocibus
339 2695 368 2746 ³2
389 2697 472 2764 nra,
489 2683 607 2748 tertius
627 2683 790 2750 articulus
806 2681 945 2750 vocibus
959 2698 1028 2748 'tun
1044 2697 1121 2747 nrm
1137 2681 1194 2770 (ct.
1216 2685 1298 2749 CEL
1313 2704 1347 2771 p.
1366 2681 1435 2771 22).

228 2786 435 2854 Adhibenda
452 2793 504 2855 est
523 2810 614 2877 aqua
635 2787 785 2856 lustralis
811 2789 855 2855 ad
874 2788 1118 2856 removendam
1141 2787 1400 2856 immunditiam
1419 2811 1502 2855 con-

184 2897 276 2960 tactu
296 2893 470 2960 cadaveris
491 2894 636 2962 humani
655 2901 879 2962 contractam.
902 2894 1130 2982 Distinguitur
1151 2916 1247 2962 casus
1268 2895 1419 2962 hominis
1441 2894 1502 2961 de-

185 3001 311 3065 mortui
325 3000 362 3066 in
375 2999 597 3068 tabernaculo
610 3002 678 3069 sive
695 3025 756 3068 suo
771 3003 841 3068 sive
856 3002 980 3081 alienu,
999 3024 1068 3090 quo
1083 3001 1121 3068 in
1136 3023 1215 3068 casu
1231 3000 1409 3068 lustranda
1424 3007 1503 3068 suut

184 3107 314 3186 omnia,
333 3128 422 3196 quae
441 3107 707 3174 tabernaculum
725 3106 973 3194 ingrediuntur
992 3108 1047 3174 vel
1065 3107 1102 3173 in
1118 3106 1341 3174 tabernaculo
1356 3112 1452 3188 sunt;
1469 3115 1503 3174 et

183 3231 279 3278 casus
294 3212 470 3280 cadaveris
488 3213 525 3280 in
539 3234 622 3299 agro
637 3214 782 3302 reperti,
799 3213 860 3280 ubi
876 3212 1073 3281 lustrandus
1087 3213 1147 3303 qui
1159 3212 1247 3279 illud
1264 3213 1426 3298 tetigerit.

227 3341 259 3386 v.
278 3325 317 3388 lb
335 3347 351 3380 u
369 3322 437 3386 Isto
448 3331 497 3387 est
508 3318 563 3386 len
572 3318 731 3404 bominis,
750 3319 812 3409 qni
823 3319 968 3386 rnoritur
978 3319 1013 3386 in
1031 3318 1251 3386 tabernaculo
1273 3346 1301 3385 a.
1319 3323 1423 3386 Porro
1438 3341 1501 3409 pro

183 3447 298 3492 omnes
313 3427 375 3516 qni
387 3427 499 3516 placet
511 3431 643 3494 vertere
659 3426 775 3492 omnio
796 3449 900 3516 qctoe,
917 3427 1078 3494 statuitur
1099 3427 1228 3515 quippe
1247 3427 1380 3494 axioma
1398 3426 1502 3516 plane

184 3532 363 3618 generale,
381 3532 476 3600 cuius
498 3557 528 3601 v.
554 3539 594 3600 15
613 3533 730 3622 aliqua
750 3532 912 3600 adiicitur
926 3531 1108 3600 limitatio:
1129 3561 1144 3592 u
1170 3534 1292 3600 Omnes
1312 3533 1374 3622 qui
1389 3533 1502 3624 inpre-

186 3637 333 3704 eliuntur
343 3639 529 3706 tentorium
541 3638 648 3720 illius,
661 3653 693 3707 et
704 3639 863 3706 uniuerso
876 3639 980 3728 [ansol
996 3661 1085 3728 quoe
1096 3638 1144 3705 ibi
1154 3650 1247 3720 sunt,
1257 3638 1392 3730 polluto
1403 3653 1503 3707 erunt

186 3759 311 3835 septem
331 3745 447 3812 diebus
468 3774 499 3812 ».
520 3768 552 3813 v.
569 3753 609 3814 15
628 3749 672 3813 m
688 3769 786 3812 ontne
805 3774 821 3807 u
839 3769 913 3826 ons,
931 3745 1024 3834 quod
1038 3768 1109 3813 non
1126 3744 1284 3814 bobcterit
1304 3747 1503 3836 operculum

186 3874 247 3918 nee
267 3851 456 3940 lipoturom
476 3851 632 3942 desesper,
653 3853 869 3920 immundum
888 3853 951 3918 erit
973 3879 1002 3920 a.
1024 3857 1114 3939 Ergo
1138 3852 1189 3934 id,
1213 3852 1305 3944 quod
1325 3875 1402 3920 vase
1424 3875 1505 3920 con-

185 3958 314 4026 tinetur
336 3959 482 4026 habente
505 3960 705 4048 operculum
728 3981 797 4026 non
819 3958 1018 4049 impositum
1036 3958 1145 4025 solum
1168 3960 1228 4026 sed
1252 3959 1322 4025 vasi
1345 3959 1501 4041 affixum,

183 4085 294 4152 neque
313 4063 492 4154 polluitur.
516 4065 611 4132 Som.
637 4066 732 4154 Vulp.
754 4071 833 4132 ante
852 4055 927 4130 bane
949 4065 1078 4130 habent
1100 4064 1272 4154 copulam.
1296 4086 1329 4130 v.
1357 4070 1396 4130 16
1420 4091 1436 4125 «
1458 4064 1500 4130 Si

186 4169 263 4259 quis
278 4172 314 4237 in
333 4195 416 4260 opro
437 4171 588 4259 tctiperit
607 4171 753 4238 cadauer
767 4171 870 4238 occisi
892 4200 907 4231 u
925 4169 1047 4261 plodio
1067 4169 1267 4255 «leontinis,
1288 4181 1351 4236 out
1365 4173 1443 4260 [per
1456 4171 1501 4259 se]

183 4277 322 4364 mortni,
343 4279 413 4345 sive
428 4302 465 4344 os
484 4276 579 4344 illius
597 4277 650 4344 rel
664 4276 869 4368 sepulcrum,
891 4277 1166 4344 immaculuserit
1183 4287 1309 4366 septem
1328 4277 1448 4344 diebus
1468 4306 1498 4344 u.

228 4385 389 4474 Sequitur
404 4384 501 4451 ritae.
516 4407 548 4452 v.
568 4391 609 4451 17
625 4413 641 4446 u
662 4384 861 4474 tollentque
877 4385 918 4451 de
931 4384 1101 4451 cineribus
1117 4383 1358 4450 combustionis
1374 4412 1404 4468 a,
1423 4407 1501 4452 vao-

185 4511 244 4558 cae
268 4491 484 4572 combustae,
501 4519 517 4552 u
533 4503 636 4580 atque
649 4491 800 4583 peccati,
821 4503 854 4559 et
873 4492 1009 4558 mittent
1031 4512 1139 4580 equos
1158 4490 1252 4558 eicos
1265 4512 1369 4581 super
1390 4513 1444 4558 eos
1466 4491 1502 4558 in

185 4619 244 4664 vos
261 4621 296 4681 »3
318 4621 348 4666 v.
368 4605 439 4666 18«
459 4597 635 4687 inquibus
654 4620 730 4664 cum
753 4597 851 4665 borno
873 4597 1022 4664 mundus
1037 4597 1179 4663 tinuerit
1197 4595 1381 4687 hyssopum
1399 4627 1432 4679 u,
1450 4618 1503 4664 as·

186 4703 391 4794 pergillum,
416 4731 431 4766 u
449 4716 607 4794 osperpet
622 4727 664 4772 cn
676 4727 712 4771 eo
729 4726 828 4771 omne
839 4706 1020 4771 tentorium
1033 4715 1065 4770 et
1081 4717 1238 4770 etinctum
1257 4687 1502 4793 supeltectilem

186 4825 217 4877 et
234 4810 387 4878 bomines
403 4809 640 4878 beciuscemodi
660 4811 863 4901 contupione
879 4810 1034 4900 pollutos
1053 4837 1087 4894 a,
1105 4848 1147 4860 -
1164 4816 1238 4899 post
1252 4809 1499 4900 supellectilem
