3554 5406
724 413 798 490 nau.
823 398 895 468 36st
916 413 982 464 soe.
1292 469 1294 474 λ
1456 391 1510 452 381

226 548 391 600 Galaaditae
406 549 479 600 nude
495 548 643 609 affirmant,
659 551 683 599 si
697 547 755 599 filia
769 543 869 601 haeres
881 549 969 600 nubat
982 549 1054 598 alius
1066 548 1154 598 tribus
1169 548 1245 608 vire,
1261 547 1465 598 haereditatem
1479 546 1514 596 ad

189 651 252 690 eam
269 638 371 688 tribum
390 651 452 689 esse
472 639 662 689 transituram.
678 637 752 701 Ergo
771 651 828 689 non
847 637 958 689 videtur
977 639 1036 704 tum
1055 636 1141 686 meris
1157 635 1243 686 tuisse
1261 635 1335 698 apud
1355 613 1513 693 Hebraeos,

152 785 156 791 ‚
190 726 266 791 quod
281 727 401 777 adstruit
415 726 521 791 itania,
536 732 567 776 ut
582 725 641 776 tilia
655 727 756 778 haeres
770 725 891 777 filiorum
908 739 1023 777 suerum
1038 738 1125 775 unum
1139 728 1301 774 ascenaeret
1316 724 1412 784 tribui,
1429 737 1444 772 c
1459 734 1516 786 que

189 817 252 879 ipsa
271 815 391 866 oriunda
405 820 493 876 esset,
511 817 593 879 eique
612 815 779 866 concederet
804 817 851 866 avi
872 815 991 866 materni
1010 812 1222 864 haereditatem.
1237 812 1381 870 Ceterum,
1397 812 1449 861 etsi
1469 811 1516 860 illo

192 916 253 954 mos
268 906 442 968 supponatur
462 905 601 967 viguisse,
617 905 641 953 si
665 903 777 967 quando
801 902 859 954 srlia
879 905 980 954 haeres
1000 903 1114 953 unicum
1134 905 1282 964 generaret
1301 899 1403 959 lilium,
1419 912 1517 949 rursus

190 992 445 1044 commiscebantur
459 991 656 1044 haereditates.
674 994 710 1043 At
725 992 792 1056 quid
807 992 860 1042 sibi
874 992 934 1042 ruit
956 990 1072 1040 tabitaet
1087 989 1210 1041 mentio?
1224 989 1334 1052 Deque
1349 988 1417 1038 Les.
1435 986 1516 1048 25,10

191 1081 289 1144 utique
302 1082 432 1132 statuitur
447 1083 558 1131 axioma
575 1093 580 1128 :
599 1087 782 1131 «revertetur
803 1081 888 1130 horno
905 1067 943 1130 'ad
962 1080 1171 1143 possessionem
1190 1089 1272 1128 suam
1292 1091 1315 1127 r.
1333 1076 1439 1127 Tamen
1459 1080 1519 1126 tota

191 1169 241 1220 illa
253 1169 299 1219 len
314 1172 355 1218 cst
370 1169 405 1220 de
417 1170 595 1234 possessione
609 1167 724 1220 vendita
735 1167 911 1220 restituenda
921 1169 1071 1229 venditori,
1088 1181 1145 1218 non
1161 1167 1195 1218 de
1206 1167 1331 1230 legitima
1345 1164 1518 1216 haereditate

193 1257 367 1308 restituenda
380 1258 544 1322 parentibus
558 1260 607 1309 aut
626 1259 773 1320 parentum
792 1259 928 1321 cognatis.
945 1257 989 1308 Ne
1010 1257 1162 1307 iubilaeum
1180 1254 1307 1319 quidem,
1325 1253 1519 1304 efficacissima

157 1335 158 1342 '
193 1347 242 1398 illa
256 1348 346 1396 iustae
361 1347 551 1410 possessionis
570 1345 711 1407 delensis,
726 1348 805 1396 aiunt
829 1346 1007 1407 Galaaditae,
1023 1345 1111 1395 ullum
1125 1343 1209 1394 nobis
1230 1341 1328 1394 atteret
1347 1339 1515 1402 remedium,

192 1437 260 1498 quin
275 1435 331 1484 imo
346 1435 511 1484 translatam
523 1435 730 1498 possessiouem
750 1435 928 1500 confirmabit.
944 1434 1100 1484 iubilaeum
1118 1433 1222 1495 quippe
1242 1443 1298 1481 non
1313 1433 1406 1494 potest
1426 1435 1517 1480 trans·

194 1523 280 1573 latam
293 1523 367 1573 hanc
378 1523 581 1574 haereditatem
595 1523 749 1586 attingere;
765 1526 906 1587 possessio
920 1535 1001 1582 vero,
1019 1534 1102 1585 quam
1116 1520 1267 1572 iubilaeum
1282 1519 1457 1570 immutatam
1470 1531 1516 1568 re-

194 1612 308 1675 linquit,
326 1611 380 1662 hoo
393 1613 454 1675 ipso
465 1610 572 1662 tirmior
584 1611 704 1663 efficitur
719 1616 747 1663 et
758 1614 871 1662 certior.
888 1611 985 1662 Potest
999 1622 1144 1674 possessor
1159 1610 1223 1674 post
1237 1607 1388 1659 iubilaeum
1404 1607 1515 1658 dicere:

194 1699 268 1750 hanc
293 1712 354 1750 rem
373 1703 438 1750 ante
458 1700 609 1751 iubilaeum
631 1700 823 1764 possidebam,
839 1713 907 1764 ergo
929 1713 992 1751 mea
1014 1704 1067 1750 est.
1081 1725 1116 1734 -
1138 1697 1269 1749 Ceterum
1292 1711 1318 1746 v.
1340 1696 1353 1746 i
1375 1697 1515 1758 suggerit,

194 1788 346 1840 iubilaeum
358 1800 415 1838 non
427 1789 513 1840 luisse
526 1801 632 1839 morem
645 1801 662 1838 e
677 1789 772 1852 Moyse
785 1789 851 1838 hev.
868 1789 900 1838 25
914 1791 1041 1838 recenter
1053 1787 1255 1846 introductum,
1272 1785 1320 1835 sed
1334 1797 1351 1833 a
1366 1785 1518 1834 maioribus

194 1881 353 1940 acceptum,
369 1877 404 1927 de
418 1889 474 1940 quo
488 1877 652 1928 Galaaditae
667 1878 820 1940 loquuntur
834 1882 976 1940 tamquam
992 1877 1026 1926 de
1041 1879 1159 1926 renota.

240 2055 272 2097 v.
295 2039 314 2098 5
334 2061 348 2093 a
363 2031 554 2121 Respondit
567 2035 701 2120 Moyses
720 2031 807 2122 filiis
823 2031 929 2100 lsrael
941 2043 974 2098 et
992 2029 1138 2096 Domino
1151 2027 1386 2120 praecipiente
1408 2026 1480 2115 [ait]
1507 2048 1515 2095 ε

194 2141 295 2204 Recte
317 2136 424 2204 tribas
444 2136 598 2228 filiorum
626 2138 747 2229 Ioseph
769 2137 884 2205 lectita
908 2151 956 2204 est
980 2165 1011 2203 n.
1040 2142 1096 2204 Est
1119 2137 1261 2202 fortasse
1281 2131 1375 2200 lusus
1394 2132 1517 2198 verbo-

195 2267 271 2310 rum
294 2244 386 2310 inter
406 2259 501 2310 nitar
526 2267 558 2310 v.
586 2252 605 2311 5
631 2250 665 2311 et
688 2259 768 2309 tarn
791 2269 821 2312 v.
845 2252 877 2328 6,
899 2245 992 2332 quod
1014 2242 1218 2310 vertendum
1235 2247 1284 2306 est
1301 2261 1372 2305 non
1389 2237 1444 2304 les
1460 2237 1518 2304 sed

196 2353 352 2431 verbnm,
370 2349 412 2416 de
436 2349 639 2440 particulari
662 2351 792 2441 quippe
816 2349 966 2419 filiarum
989 2348 1165 2439 salphaad
1184 2368 1286 2415 causa
1311 2367 1380 2412 non
1406 2344 1521 2411 editur

196 2458 248 2524 lex
266 2457 326 2524 sed
343 2457 489 2524 verbum
509 2456 562 2523 vel
578 2456 796 2539 mandatum,
813 2457 869 2524 cui
885 2458 1001 2547 utique
1017 2479 1050 2524 v.
1061 2463 1140 2522 7-10
1157 2453 1330 2542 generalis
1350 2450 1521 2540 quaedam

196 2564 318 2650 regula
338 2563 556 2645 adscribitur,
579 2563 667 2651 legis
686 2563 948 2656 inscriptionem
971 2585 1042 2631 non
1065 2561 1208 2628 habens,
1229 2561 1306 2655 V·.6
1331 2585 1346 2619 a
1371 2559 1417 2624 Et
1439 2557 1521 2624 naec

194 2669 253 2736 lea
285 2691 387 2758 snper
410 2668 550 2758 filiabus
581 2669 761 2760 Salplraad
792 2693 813 2736 a
840 2670 986 2737 Domino
1015 2667 1241 2759 promttlpata
1267 2676 1315 2732 est
1344 2665 1522 2731 :Nubant

195 2777 320 2866 pnibns
338 2775 474 2858 volant,
492 2788 628 2843 tantum
643 2789 681 2842 nt
696 2799 778 2844 strae
792 2777 900 2844 tribas
915 2774 1112 2844 horninibus
1129 2801 1159 2841 n.
1181 2772 1292 2840 Verba
1308 2777 1386 2838 sunt
1402 2769 1522 2857 bloysis

195 2882 362 2972 populum
377 2882 596 2974 alloquentis.
612 2889 697 2950 Deus
711 2884 801 2951 intra
815 2883 945 2951 tribum
958 2883 1026 2950 illis
1040 2881 1234 2950 libertatem
1251 2876 1408 2945 concedit
1430 2897 1437 2943 :
1453 2877 1521 2942 ior-

197 2997 284 3055 tasse
299 2989 343 3055 ab
359 2989 530 3078 aliquibus
545 2992 648 3055 etiam
661 3012 742 3056 suae
754 2990 1075 3057 tribushominibus
1087 2984 1345 3077 premebantur,
1361 2981 1520 3049 haeredi-

197 3093 275 3159 tatis
287 3093 515 3195 acquirendae
528 3115 642 3160 causa.
659 3099 797 3161 Nostrae
814 3095 912 3184 Vulp.
931 3103 964 3160 ct
979 3096 1069 3161 LXX
1082 3091 1250 3160 editiones
1261 3094 1339 3179 post
1353 3111 1385 3154 v.
1404 3094 1423 3153 6
1438 3089 1522 3154 scri-

198 3201 287 3266 bunt
315 3199 432 3282 colon,
458 3199 518 3266 sed
544 3200 724 3288 oportebat
747 3201 850 3267 scribi
875 3205 1054 3290 punctum.
1072 3221 1102 3265 v.
1127 3205 1158 3264 7.
1177 3205 1196 3263 9
1218 3211 1247 3261 tr
1268 3199 1363 3261 verte
1386 3191 1461 3280 sed,
1484 3199 1523 3260 ut

198 3308 288 3372 LXX
301 3304 432 3373 faciunt
449 3327 481 3370 v.
501 3311 539 3387 9;
557 3305 797 3374 enuntiaturv.
814 3313 846 3372 7.
861 3314 880 3374 9
894 3305 948 3373 bis
961 3306 1054 3373 idem
1073 3302 1284 3394 principium
1302 3300 1347 3367 ad
1362 3300 1454 3384 viros
1468 3298 1522 3365 di-

199 3417 341 3494 rectum,
352 3412 402 3479 uti
413 3410 517 3478 etiam
526 3417 605 3478 Lev.
622 3417 662 3480 18
672 3410 726 3479 lex
739 3411 1002 3479 matrimonialis
1013 3410 1141 3478 directe
1151 3409 1259 3476 fertur
1274 3429 1337 3497 pro
1354 3406 1450 3488 viris;
1468 3406 1522 3470 cui

198 3517 370 3607 principio
388 3541 420 3584 v.
437 3525 457 3584 8
475 3519 638 3586 inseritur
658 3519 824 3586 monitum
847 3542 909 3610 pro
931 3518 1145 3586 mulieribus.
1163 3539 1195 3582 v.
1213 3523 1233 3580 7
1256 3541 1271 3576 «ι
1294 3515 1344 3582 Ne
1364 3511 1522 3578 commis-

199 3635 316 3689 ceatur
328 3625 497 3714 possessio
509 3625 665 3713 filioram
686 3625 794 3693 lsrael
812 3625 853 3692 cle
872 3625 964 3692 tribu
984 3626 1020 3692 in
1036 3622 1164 3691 tribunt
1178 3644 1191 3688 .·
1212 3642 1326 3688 omnes
1342 3620 1434 3686 enim
1457 3617 1525 3684 uiri

197 3728 325 3796 ‹lelcent
341 3753 462 3797 cesores
477 3730 518 3798 de
533 3732 624 3798 tribu
644 3745 676 3798 et
692 3732 896 3822 aequatione
910 3754 974 3798 sna
993 3760 1021 3799 n.
1039 3735 1116 3798 Fert
1133 3729 1240 3816 igitur
1261 3727 1360 3816 Vulp.
1379 3747 1523 3813 genera-

198 3836 267 3902 lem
286 3837 413 3922 legem,
426 3843 464 3903 ut
478 3837 544 3902 viri
558 3838 694 3905 nonnisi
707 3861 788 3906 suae
809 3840 917 3907 tribus
934 3838 1093 3905 mulieres
1109 3837 1248 3904 ducant.
1262 3833 1401 3900 Videtur
1421 3831 1521 3917 Vulg.

198 3941 343 4010 verbum
357 3957 448 4034 ipati
461 3943 687 4033 interpretata
703 3967 772 4013 esse
786 3945 945 4014 similiter
958 3950 1062 4036 atque
1078 3949 1160 4012 Gen.
1176 3948 1209 4022 2,
1227 3944 1269 4006 et
1288 3967 1303 4000 n
1323 3935 1526 4004 adhaerebit

197 4048 296 4114 uxori
316 4070 397 4115 suae
418 4076 448 4115 n.
469 4049 535 4116 Sed
554 4071 595 4117 ce
614 4053 783 4140 expressio
803 4052 932 4119 directe
957 4073 1025 4119 non
1041 4049 1202 4140 exprimit
1213 4045 1390 4113 vincissum
1405 4043 1524 4110 matri·

199 4153 368 4236 moniale,
386 4153 444 4221 sed
462 4155 651 4242 conjugum
666 4158 878 4241 convictum,
896 4164 960 4227 et«
979 4157 1168 4224 adhaerere
1179 4151 1381 4244 possessioni
1397 4178 1411 4210 n
1430 4148 1525 4217 aliud

199 4259 303 4349 plane
324 4267 372 4326 est
392 4283 496 4349 quam
519 4290 534 4322 u
560 4261 748 4330 adhaerere
772 4266 868 4332 uxori
889 4293 920 4332 n,
942 4269 1062 4331 Verte:
1082 4265 1162 4330 Non
1187 4270 1338 4326 transeat
1357 4254 1524 4346 possessio

194 4364 351 4456 filiorum
368 4366 477 4434 lsrael
489 4365 531 4433 a¹e
549 4367 641 4435 triba
656 4369 694 4436 in
716 4369 839 4438 tribunt
857 4371 1012 4459 (alterans
1028 4393 1057 4435 o.
1077 4371 1107 4456 9)
1123 4366 1184 4434 sed
1196 4363 1432 4455 lineisquisqne
1442 4383 1525 4452 pos-

199 4471 340 4538 sessioni
351 4473 456 4539 tribas
463 4485 609 4562 patrum
623 4497 764 4542 snortnn
776 4477 933 4566 filiorum
947 4475 1054 4543 Israel
1068 4473 1253 4542 adhaereat
1260 4523 1270 4558 ,
1285 4471 1345 4537 illa
1355 4469 1525 4536 contiuea-

198 4585 256 4646 tur
275 4583 309 4646 et
327 4585 507 4646 contentus
525 4579 585 4662 sit,
608 4582 695 4650 alius
714 4581 823 4650 tribus
842 4584 1087 4675 possessionem
1109 4577 1329 4648 matrimonio
1348 4572 1527 4663 acquirere

198 4707 270 4753 non
287 4685 428 4752 nitatur.
448 4707 481 4752 v.
500 4690 520 4753 8
541 4715 556 4748 κ
572 4689 618 4753 Et
639 4700 781 4755 cunctae
797 4691 948 4778 [emiliae
965 4688 1007 4756 de
1022 4687 1141 4756 eadem
1164 4684 1254 4752 triba
1273 4681 1414 4749 maritos
1434 4677 1527 4746 acci-

196 4791 315 4882 piant,
334 4803 372 4858 nt
395 4790 588 4862 baereditas
599 4807 803 4884 permaneat
821 4796 858 4864 in
873 4793 1025 4884 familiis
1048 4822 1078 4862 ».
1099 4793 1165 4862 Sed
1191 4792 1290 4859 Hebe.
1309 4789 1460 4879 loquitur
1482 4783 1526 4852 de
