3554 5406
721 483 798 528 nuu.
823 469 895 536 3:5‚4
915 481 977 535 sno.
1028 487 1032 492 ·
1454 469 1512 526 373

192 618 228 670 11.
247 619 333 682 nusg.
352 619 446 669 Berlin
471 619 547 678 iasa,
564 633 591 682 p.
612 617 804 684 165)‚ax10s.
827 619 908 680 tait
924 619 996 670 ellici
1013 619 1121 670 Levitis
1141 631 1305 670 concessam
1324 633 1386 670 esse
1400 621 1513 684 plenam

192 707 268 760 urbis
284 707 396 758 Hebron
412 710 633 771 possessionem,
648 711 748 762 morito
762 709 913 772 respondet
926 707 1017 758 Dilim.
1032 709 1102 758 nibil
1115 707 1191 777 aliud
1205 708 1243 758 ibi
1258 709 1412 768 enuntiari,
1429 721 1512 774 quam

192 795 297 848 Levitis
308 809 472 846 eoncessum
485 809 548 846 esse
562 795 632 847 iliud
647 798 691 848 ius
706 796 850 847 habitandi
865 798 895 848 ln
917 798 982 848 arbe
997 797 1124 858 Hebron,
1141 796 1216 860 quod
1231 798 1287 848 iliis
1304 796 1415 860 Moyses
1434 777 1513 848 attri-

192 884 304 944 buerat,
322 899 416 948 aprina
430 898 509 945 vero,
527 889 640 948 praeter
654 890 762 950 partem
773 885 878 936 eisdem
894 899 911 935 a
925 886 1020 948 Moyse
1033 885 1209 944 attributam,
1227 887 1344 935 cessisse
1358 885 1463 937 (latebo
1478 898 1512 936 ex

193 975 373 1026 concessione
389 974 442 1024 ios.
461 972 491 1023 ii
507 973 547 1024 iili
562 972 644 1024 iacta.
660 1000 697 1010 -
716 975 795 1034 Quae
810 976 955 1025 concessio
974 974 1068 1024 divina
1082 975 1269 1038 promissione
1283 973 1400 1024 tundata
1414 973 1512 1024 luisset

192 1068 306 1130 prorsus
322 1063 447 1121 ridicula,
459 1064 515 1112 nisi
530 1061 635 1114 calebo
647 1064 731 1114 etiam
745 1063 888 1114 tribuisset
900 1064 943 1114 ius
953 1064 982 1112 in
995 1064 1057 1127 ipsa
1067 1065 1179 1114 civitate
1191 1063 1304 1113 Hebron
1314 1062 1470 1112 babitandi.
1480 1088 1515 1098 —

194 1153 236 1202 lin
250 1164 335 1215 porro
350 1165 365 1202 e
379 1165 406 1200 v.
426 1152 439 1200 3
458 1153 532 1202 cives
552 1151 669 1215 obligati
687 1151 835 1202 luerintad
853 1150 1038 1202 exstruendas
1053 1151 1159 1203 Levitis
1178 1151 1290 1212 domos,
1307 1152 1351 1202 vel
1372 1152 1464 1202 solum
1480 1151 1514 1202 ad

193 1241 248 1291 iilis
263 1239 472 1291 concedendum
491 1239 723 1291 exstruendarum
743 1240 849 1302 locum,
866 1254 923 1292 uon
944 1241 1028 1304 piane
1046 1242 1195 1305 perspicio.
1209 1266 1245 1276 -
1259 1241 1318 1291 Lex
1335 1242 1422 1303 igitur
1445 1240 1512 1290 Lev.

194 1327 321 1391 acatal
338 1329 449 1379 valebat
463 1315 518 1392 pro'
529 1328 690 1380 Levitarum
709 1328 838 1380 domibus
858 1335 886 1380 ct
900 1330 976 1394 agris
998 1331 1026 1378 in
1041 1329 1155 1379 urbibus
1173 1327 1228 1379 Ios.
1241 1328 1271 1379 ‘li
1290 1329 1346 1380 illis
1361 1328 1512 1380 attributis.

194 1417 272 1478 Quae
287 1417 358 1468 lorte
373 1417 439 1467 alibi
454 1419 662 1481 acquisiverant
675 1416 804 1478 Levitae,
822 1429 856 1468 ea
874 1413 1054 1468 subiacebant
1079 1419 1131 1466 iuri
1153 1419 1304 1467 communi.
1321 1418 1419 1482 Neque
1439 1418 1514 1467 enirn

193 1501 247 1556 hac
259 1508 354 1556 nostra
368 1506 432 1569 lege
447 1505 613 1558 vetabantur
626 1506 755 1566 Levitae,
772 1507 924 1571 quominus
939 1505 1006 1556 alibi
1021 1507 1080 1556 suis
1094 1507 1225 1569 expensis
1239 1507 1292 1556 sibi
1306 1505 1388 1557 sedes
1405 1519 1515 1569 compa-

193 1599 288 1646 rarent
303 1597 331 1644 in
345 1595 462 1645 urbibus
478 1591 608 1660 (tonsa).

235 1800 268 1845 v.
290 1783 341 1844 t«
363 1780 488 1858 Oetae»
507 1814 550 1826 -
564 1799 610 1844 sc.
628 1776 827 1843 suburbana
844 1798 903 1843 seu
922 1799 1047 1866 pascua
1066 1817 1109 1828 -
1132 1804 1148 1842 a
1170 1776 1314 1844 amaris
1334 1776 1514 1842 civitatem

191 1884 381 1972 forinsecas
394 1906 460 1972 per
477 1883 660 1948 circuitam
680 1883 773 1950 mille
786 1904 954 1972 passuum
973 1882 1111 1972 [spatie]
1133 1883 1316 1950 tendentur
1335 1911 1365 1951 ».
1383 1886 1484 1950 Hebr.
1503 1904 1516 1948 :

192 2015 214 2058 a
233 2013 328 2056 rnrrro
351 1989 441 2056 erbis
463 1988 656 2077 forinsecas
675 1989 771 2055 mille
786 1989 894 2056 enbitr'
913 1989 950 2055 in
970 1988 1137 2074 cr'rcnitu,·
1151 1991 1277 2056 etenim
1294 1989 1349 2055 hic
1370 1989 1420 2055 uti
1440 2012 1473 2058 v.
1496 1995 1515 2054 5

193 2097 358 2184 leguntur
373 2095 480 2162 crediti
485 2149 495 2181 ,
513 2118 583 2162 non
599 2116 732 2184 passus.
754 2095 910 2162 Advertit
925 2094 1060 2175 bitlm,
1081 2117 1217 2161 murum
1234 2095 1268 2162 h.
1286 2095 1311 2162 i.
1328 2093 1432 2161 scribi
1449 2109 1513 2185 bip,

194 2205 230 2270 in
245 2203 321 2289 lege
338 2208 413 2270 Lev.
432 2207 593 2284 asae-31
611 2216 683 2266 nnn
701 2223 708 2270 :
729 2207 764 2268 at
778 2201 954 2291 quomodo
969 2200 1050 2268 hinc
1067 2208 1232 2291 sequatur
1247 2224 1279 2268 v.
1303 2207 1389 2289 tsq.
1409 2201 1517 2268 serius

194 2309 274 2375 huic
289 2308 357 2394 legi
375 2306 531 2375 additum
545 2329 629 2390 esse,
646 2329 717 2374 non
734 2307 847 2374 video.
864 2329 894 2372 v.
915 2315 934 2376 5
954 2333 969 2368 u
988 2309 1113 2376 Contra
1132 2307 1297 2374 orientem
1315 2306 1382 2373 duo
1403 2307 1517 2374 millia

193 2427 291 2481 erunt
308 2415 428 2494 cubiti,
446 2427 478 2480 et
498 2427 615 2480 contra
631 2413 810 2480 meridiem
827 2413 986 2480 similiter
1004 2427 1106 2482 erunt
1126 2413 1193 2481 duo
1211 2412 1342 2495 millia,
1358 2411 1406 2480 ad
1423 2435 1517 2480 nrare

194 2543 330 2611 quoqne
346 2520 440 2610 quod
458 2520 595 2611 reqnicit
614 2519 663 2587 od
681 2518 890 2587 occidentem
910 2518 1029 2588 eedem
1049 2543 1209 2586 merescere
1228 2520 1309 2603 erit,
1331 2533 1363 2586 et
1383 2533 1515 2610 septen·

194 2626 351 2694 trionolr's
359 2628 471 2716 plnpe
490 2625 631 2716 aequali
645 2625 790 2693 termino
807 2626 948 2716 finietur
966 2655 996 2694 u.
1016 2627 1145 2694 Clarius
1160 2630 1261 2694 Hebr.
1281 2649 1293 2693 :
1313 2638 1346 2693 et
1365 2627 1516 2694 extensio

194 2733 347 2801 decetne
368 2736 485 2800 urbem
499 2745 562 2800 etc.
578 2737 630 2801 Sc.
648 2734 732 2800 duas
748 2733 961 2800 extensiones
979 2733 1076 2800 novit
1092 2755 1123 2800 v.
1147 2741 1246 2822 tsq.,
1265 2755 1368 2801 unam
1382 2757 1404 2801 a
1417 2755 1516 2800 muro

182 2852 226 2916 ,et
241 2853 353 2926 entre,
372 2840 515 2907 alteram
536 2839 578 2907 de
594 2851 691 2907 extra
706 2842 844 2924 terdena·
863 2841 1002 2922 ambae,
1026 2840 1074 2906 uti
1093 2845 1203 2929 patet,
1224 2846 1304 2907 sunt
1323 2847 1416 2906 extra
1440 2862 1516 2906 mu-

194 2968 271 3014 rum
295 2952 327 3012 et
350 2946 486 3026 urbem,
512 2967 590 3013 cum
613 2967 739 3035 pascua
762 2969 832 3012 non
855 2947 1093 3013 consueverint
1113 2947 1206 3012 intra
1224 2967 1340 3012 muros
1359 2946 1514 3035 reperiri.

196 3051 292 3119 Prior
306 3051 456 3118 extensio
474 3073 609 3118 murum
624 3051 771 3118 exterius
785 3053 952 3140 sequitur,
970 3051 1081 3117 altera
1095 3073 1115 3116 a
1130 3072 1228 3117 muro
1242 3052 1334 3117 foras
1349 3043 1513 3130 excurrit3

194 3179 372 3248 possumus
391 3178 448 3223 eas
461 3178 584 3223 vocare
600 3178 806 3246 pascuorum
821 3156 1039 3223 latitudinem
1061 3162 1095 3223 et
1114 3155 1382 3242 longitudinem.
1399 3162 1513 3236 Porro,

194 3264 256 3355 qui
271 3263 461 3330 defendunt
478 3262 630 3348 integras
651 3261 753 3329 urbes
775 3284 853 3329 cum
875 3262 968 3328 omni
991 3285 1051 3328 suo
1073 3284 1158 3348 agre
1183 3263 1377 3330 Levitarum
1397 3262 1513 3350 fuisse,

195 3376 369 3458 eoguntur
382 3393 414 3438 v.
440 3375 458 3437 i
478 3391 530 3458 sq.
553 3367 746 3449 adstruere,
764 3368 919 3455 singulas
935 3371 1130 3437 Levitarum
1149 3369 1251 3436 urbes
1275 3368 1436 3436 habuisse
1456 3391 1517 3435 nec

194 3478 270 3567 plus
290 3499 352 3543 nec
371 3476 486 3544 minus
507 3497 612 3566 quam
633 3475 727 3542 mille
747 3475 881 3542 cubitos
900 3475 939 3541 in
962 3475 1126 3555 circuitu,
1145 3481 1247 3566 atque
1266 3475 1394 3543 cinctas
1415 3475 1517 3544 luisse

195 3582 301 3650 veluti
321 3582 489 3671 quadrato
505 3582 623 3672 aliquo
644 3603 868 3671 pascuorum,
889 3583 985 3650 cuius
1004 3581 1142 3667 singula
1160 3582 1270 3649 latera
1289 3581 1416 3649 luerint
1431 3587 1516 3648 tabo

194 3690 264 3756 lere
287 3687 494 3756 cubitorum.
520 3688 617 3767 Quod
638 3695 710 3755 erat
732 3687 918 3755 ridiculum
941 3694 1060 3777 atque,
1084 3688 1128 3754 ob
1152 3687 1215 3758 soii
1235 3687 1515 3778 inaequalitates,

194 3803 294 3886 s'aepe
305 3794 530 3885 impossibile.
548 3794 643 3872 Quod
658 3799 767 3861 textus
783 3794 897 3875 edicit,
912 3794 1000 3861 illud
1013 3801 1075 3876 est,
1089 3796 1192 3863 fuisse
1208 3795 1300 3863 circa
1314 3795 1389 3861 illas
1402 3795 1514 3875 urbes,

194 3924 253 3970 seu
268 3904 304 3968 in
319 3903 468 3968 circuitu
483 3922 618 3983 earum,
637 3921 764 3989 pascua
783 3905 934 3990 quatuor
954 3902 1101 3968 invicem
1120 3923 1187 3968 non
1206 3901 1365 3982 confinia,
1380 3901 1416 3966 iu
1432 3922 1518 3990 qua-

195 4014 272 4076 tuor
300 4009 385 4074 coeli
415 4013 529 4097 parles
559 4007 819 4096 prospicientia,
849 4028 997 4097 quorum
1024 4006 1117 4074 basis
1146 4030 1206 4074 seu
1238 4006 1382 4074 latitudo
1410 4028 1518 4096 prope

196 4136 334 4183 murum
352 4120 437 4181 esset
452 4111 547 4179 mille
565 4112 776 4194 cubitorum,
794 4112 977 4200 longitudo
993 4112 1029 4180 in
1048 4135 1172 4200 agrum
1194 4134 1400 4202 procurrens
1421 4112 1520 4180 enbi-

195 4229 305 4287 torum
332 4219 384 4286 bis
405 4219 509 4286 mille.
532 4224 636 4286 Erant
656 4219 764 4306 igitur
783 4218 1144 4308 parallelogrammata
1163 4224 1311 4308 quatuor
1330 4218 1520 4286 latitudinis

197 4325 305 4408 mille,
323 4325 551 4412 longitudinis
565 4324 617 4392 bis
631 4324 725 4398 mille
738 4325 950 4406 cubitorum,
969 4347 1086 4392 versus
1099 4347 1236 4392 murum
1252 4324 1515 4411 convergentia;

197 4433 246 4500 uti
260 4453 330 4499 non
343 4432 406 4500 soli
422 4432 554 4500 Levitae
571 4453 627 4500 eas
642 4432 745 4498 urbas
764 4431 978 4512 incolebant,
995 4433 1043 4499 ita
1059 4454 1173 4522 neque
1188 4437 1278 4500 totus
1297 4432 1419 4499 Levitis
1436 4453 1520 4518 ager

196 4539 459 4607 concedebatur.
479 4541 549 4616 Quo
565 4538 790 4618 alliciebatur,
808 4542 846 4604 ut
864 4560 935 4604 non
951 4537 1048 4605 nimii
1067 4539 1103 4605 in
1123 4560 1228 4606 unam
1243 4561 1362 4607 earum
1379 4537 1518 4605 urbium

195 4645 328 4714 Levitae
343 4645 571 4725 confluerent,
587 4666 659 4711 non
675 4666 744 4710 una
760 4644 884 4710 fierent
904 4651 994 4710 secia
1017 4667 1037 4710 a
1056 4644 1192 4734 reliquo
1209 4647 1338 4736 populo
1354 4644 1516 4720 discreta,

195 4753 254 4820 sed
279 4774 339 4843 per
359 4772 476 4818 omnes
500 4750 611 4817 tribus
632 4755 665 4818 et
689 4749 891 4836 religionem
914 4753 1095 4817 tuerentur
1120 4773 1358 4832 communem,
1385 4757 1418 4816 et
1438 4769 1520 4815 suae

196 4860 339 4950 quisque
359 4858 462 4925 simul
481 4856 610 4939 tribus,
626 4858 662 4923 in
682 4878 750 4945 qua
767 4856 981 4938 habitarent,
1000 4857 1190 4924 commodis
1207 4858 1394 4926 studerent.
1418 4861 1519 4924 Prae-
