3538 5404
261 400 299 458 40
684 413 762 456 Acri
783 412 936 458 sisenes
957 413 1152 460 rememoro.

255 571 342 638 ,pain
361 545 577 636 copnalionis
599 545 705 613 Caatlz
726 567 739 610 .·
762 547 852 613 hanc
877 545 1010 632 virgam
1032 545 1232 614 rescindent
1250 546 1448 628 terendae,
1469 545 1499 612 si
1516 568 1580 634 pe-

260 655 392 721 tiantur
418 653 590 720 Caethitas
616 659 732 720 sancta
761 654 931 739 attingere
962 654 1016 719 vel
1041 653 1207 721 contueri.
1241 677 1273 721 v.
1308 659 1348 720 19
1382 681 1397 714 ιι
1427 651 1497 720 Sed
1517 653 1580 720 ltoc

257 762 366 850 jacite
379 761 439 845 eis,
456 772 494 826 ut
506 760 624 826 vivant
634 772 666 826 et
676 782 744 825 non
757 763 961 846 moriantur,
979 759 1010 826 si
1022 760 1199 850 tetiqerint
1208 771 1534 826 sanctasanctorum
1549 787 1578 826 ιι.

261 873 348 934 Cum
368 890 445 934 mox
466 889 537 934 non
556 866 598 934 de
612 879 745 933 attactu
758 865 894 947 solum,
918 865 1078 934 seditem
1100 865 1143 932 de
1168 869 1284 932 obtutu
1301 871 1437 951 agetur,
1460 865 1581 932 melius

261 989 321 1040 uti
335 973 482 1062 accipies
496 973 613 1039 nativa
626 972 873 1059 significatione
887 971 1074 1039 accedendi
1091 973 1196 1061 (LXX
1216 971 1337 1040 Cltald.
1350 973 1459 1060 Syn).
1481 1000 1497 1033 ιι
1515 974 1580 1038 Aa·

265 1103 333 1147 ron
349 1093 381 1147 et
399 1080 470 1170 filii
489 1080 562 1147 eius
578 1079 770 1164 intrabunt,
788 1077 922 1168 ipsique
937 1079 1118 1170 disponent
1132 1102 1234 1168 opero
1248 1079 1466 1168 sinqulorum
1481 1089 1514 1144 et
1528 1076 1582 1144 di-

261 1186 396 1273 vident,
415 1185 502 1277 quid
509 1199 649 1276 portare
664 1185 742 1275 quis
754 1185 873 1254 debeat
895 1213 924 1254 ιι,
942 1188 1045 1253 Hebr.
1060 1208 1073 1252 .·
1087 1198 1119 1253 et
1133 1185 1357 1276 applicabunt
1369 1183 1522 1274 sinqulos
1537 1185 1584 1250 ad

261 1293 417 1381 officium
437 1315 540 1360 suum
564 1291 658 1358 etad
672 1315 758 1359 onus
772 1313 885 1360 suum.
903 1290 1077 1359 Caethitee
1091 1315 1162 1359 non
1184 1299 1305 1381 sponte
1325 1291 1514 1380 quidquam
1530 1295 1582 1357 at

260 1399 414 1486 tingant,
436 1399 495 1465 sed
514 1404 709 1489 exspectent
723 1398 838 1487 quoad
856 1422 878 1465 e
895 1397 1127 1466 sacerdotibus
1144 1398 1300 1464 vectibus
1319 1397 1578 1465 admoveantur.

262 1511 311 1572 Ite
324 1505 615 1594 praecludebatur
630 1505 741 1572 omnis
754 1503 916 1571 indecoro
931 1504 1101 1572 contentio
1117 1506 1217 1571 unius
1232 1504 1337 1571 officii
1351 1505 1405 1570 vel
1419 1504 1486 1571 loci
1499 1525 1582 1594 pree

262 1611 331 1678 olio
348 1611 540 1679 obtinendi.
558 1634 592 1680 v.
614 1619 656 1678 20
677 1639 692 1672 ιι
712 1611 807 1700 [Alii]
828 1611 927 1677 nulla
947 1611 1144 1678 curiositate
1158 1610 1307 1695 rideant,
1326 1610 1582 1700 [quaestuum]

261 1717 480 1803 sanctuario,
506 1719 724 1809 [priusquam
747 1717 993 1804 itu-olranturl,
1016 1717 1174 1808 alioquin
1191 1717 1380 1784 morientur
1400 1745 1429 1783 ».
1447 1721 1584 1807 Expun-

264 1823 370 1910 gendi
385 1826 450 1891 alii
461 1844 474 1896 .·
488 1825 603 1912 agitur
621 1847 760 1892 rursum
773 1825 815 1890 de
830 1823 909 1893 solis
920 1825 1093 1892 Geethitis.

300 2021 390 2103 9522,
415 2041 484 2090 sicut
508 2055 570 2091 curn
594 2042 697 2104 aliquis
719 2041 846 2104 droluu't,
867 2041 1034 2092 brevissimo
1054 2043 1193 2106 tempore,
1214 2053 1282 2105 ergo
1301 2041 1343 2091 cet
1361 2047 1502 2098 momento,
1522 2041 1585 2090 tn

266 2124 374 2188 ἐξάπινα.
395 2130 471 2180 Haec
488 2131 579 2180 versio
597 2130 709 2180 videtur
728 2130 815 2180 latere
832 2131 861 2180 in
882 2129 1011 2194 Vutoatoe
1029 2129 1143 2180 vocibus
1158 2129 1237 2180 nulla
1256 2131 1421 2180 curiositate.
1439 2129 1494 2179 Sed
1513 2129 1586 2178 hano

266 2221 423 2270 versionem
444 2217 572 2269 contudit
595 2219 670 2281 Volo.
692 2231 754 2269 eum
774 2219 862 2270 altera
879 2220 1009 2269 versione
1027 2221 1104 2281 Tere.
1125 2232 1133 2267 :
1154 2219 1260 2281 quando
1281 2218 1456 2268 involvuntur
1475 2205 1585 2286 (deglu-

266 2303 397 2373 tiunturtl
415 2321 483 2358 oasa
496 2308 665 2372 sanctuorti;
683 2321 733 2358 sou
747 2307 907 2372 prinsquam
921 2307 1107 2357 involvantur.
1130 2305 1185 2358 Sed
1205 2307 1278 2370 quod
1295 2307 1479 2370 prohibentur
1495 2305 1587 2357 iecere

267 2396 413 2448 caathitae
432 2401 489 2458 est,
513 2409 563 2456 ne‚
584 2396 608 2446 sl
627 2395 694 2460 quid
713 2409 856 2448 sacrorum
879 2395 1004 2446 nondum
1024 2397 1061 2446 sit
1082 2397 1164 2458 plene
1188 2396 1358 2454 involutum,
1381 2396 1426 2446 vel
1450 2407 1501 2459 pro
1525 2407 1587 2444 mo·

268 2488 363 2536 mento
382 2486 478 2536 oculos
499 2487 528 2534 in
546 2483 618 2536 illud
639 2484 740 2548 tigant3
760 2486 804 2538 vel
822 2498 858 2536 ne
877 2483 1069 2548 ingredientur
1091 2497 1147 2535 non
1171 2484 1264 2535 vocati
1283 2486 1317 2534 orl
1337 2485 1490 2534 ridentum.

484 2704 508 2750 b.
524 2703 642 2750 Divinum
656 2704 688 2750 de
700 2703 838 2750 Gereonitis
852 2707 879 2750 et
892 2703 1016 2750 Meterius
1029 2703 1153 2762 eloquium
1169 2705 1242 2750 Num.
1258 2705 1361 2764 eti-ee.

315 2883 399 2969 Arp.
436 2919 481 2931 -
515 2881 701 2950 Numerari
722 2881 895 2964 iubentur,
929 2881 1041 2948 officie
1074 2880 1326 2963 describuntur,
1361 2881 1512 2948 {themar
1540 2880 1588 2946 eis

271 2985 480 3076 praeficilur.
1182 2997 1183 3001 ’

318 3117 347 3160 v.
369 3099 408 3162 21
429 3121 443 3155 ιι
462 3097 676 3183 Locutusquc
689 3105 737 3160 est
751 3093 917 3160 Dominus
930 3092 978 3160 ad
993 3097 1132 3183 Mopsen
1148 3092 1263 3160 dicens
1282 3123 1296 3153 ιι
1322 3115 1329 3160 :
1346 3116 1378 3158 v.
1401 3099 1443 3158 22
1462 3120 1477 3154 ιι
1500 3091 1590 3158 Tolle

271 3223 443 3266 sronmam
458 3201 563 3268 etiam
580 3201 733 3290 filiorum
756 3201 883 3268 Gerson
896 3222 957 3290 per
979 3200 1096 3267 domos
1111 3203 1164 3286 ¹lac
1178 3199 1349 3289 familias]
1365 3211 1398 3282 et
1413 3197 1589 3288 coquatio-

272 3329 331 3373 nes
344 3331 423 3374 suas
440 3336 456 3370 ιι
463 3360 473 3391 ,
486 3330 520 3375 ν.
540 3315 582 3374 23
598 3335 614 3370 ιι
633 3331 654 3376 o
671 3308 818 3397 triqinta
832 3307 935 3373 annis
950 3320 982 3374 et
1000 3329 1105 3397 supra
1117 3329 1224 3396 usque
1237 3306 1284 3373 ool
1295 3329 1404 3372 acinos
1416 3305 1591 3394 quinquu-

273 3413 383 3502 ¹ointa.
400 3415 552 3481 Numero
573 3436 704 3495 omnes,
722 3414 784 3504 qui
803 3414 1046 3503 inprediuntur
1058 3425 1091 3479 et
1104 3413 1302 3479 ministrant
1318 3412 1355 3478 in
1371 3410 1590 3479 tabernaculo

272 3519 424 3607 foederis
446 3547 477 3588 ιι,
499 3519 600 3587 Hebr.
621 3542 634 3585 .·
654 3520 716 3610 qui
731 3520 972 3610 inprediurttur
986 3520 1163 3586 turmatim
1183 3518 1231 3586 ad
1248 3518 1512 3586 ministrandum
1527 3531 1588 3584 etc.

276 3648 308 3690 v.
326 3631 367 3692 rt
384 3652 399 3685 ιι
417 3628 489 3691 Hoc
504 3639 553 3691 est
566 3627 720 3716 officinm
732 3627 895 3714 santilioe
910 3626 1168 3696 Gersonitarurn
1184 3655 1218 3709 ιι,
1237 3624 1355 3716 quoad
1363 3624 1592 3692 ministerium

279 3742 311 3796 et
331 3731 449 3819 qtioad
466 3754 582 3816 onera,
597 3772 641 3782 —
655 3755 736 3799 nam
759 3755 879 3800 eorum
903 3732 1130 3800 ministerium
1149 3754 1219 3800 non
1241 3733 1319 3799 solis
1338 3732 1498 3799 oneribus
1516 3751 1592 3820 por·

276 3837 389 3905 tendis
410 3838 613 3916 constitisse,
631 3839 730 3906 docet
752 3862 782 3905 v.
802 3846 845 3906 26
865 3877 908 3890 -
923 3863 955 3906 v.
972 3845 1015 3906 25
1032 3867 1047 3901 ιι
1069 3852 1107 3905 ut
1118 3851 1257 3929 portent
1276 3841 1423 3906 cortinas
1439 3838 1594 3905 talerna-

279 3944 349 4010 coli
368 3972 384 4006 ιι
407 3945 449 4012 de
462 3944 565 4034 bysso
580 3951 707 4012 retorta
721 3945 826 4012 factes
843 3947 910 4030 (Ex.
927 3952 1115 4034 26,1sqq.;
1133 3951 1212 4026 36,ss
1227 3946 1333 4035 sqq.)‚
1355 3974 1370 4006 «
1388 3957 1422 4012 et
1433 3956 1558 4011 tectum
1575 3971 1591 4004 ιι

279 4074 338 4119 seu
352 4051 465 4141 potius
478 4053 734 4119 tabernaculum
750 4081 765 4112 ιι
772 4051 925 4141 foederis
937 4081 968 4133 ιι,
984 4053 1007 4117 i.
1025 4075 1055 4119 e.
1073 4074 1156 4140 sege
1170 4051 1307 4118 cilicina
1318 4051 1388 4140 (Ex.
1403 4057 1481 4132 267
1497 4072 1591 4138 sqq.;

283 4165 384 4242 3616
406 4178 499 4249 sqq.;
517 4165 551 4226 el
569 4160 613 4226 cf.
635 4164 733 4225 Num.
758 4158 869 4248 326),
894 4188 908 4220 ι
931 4159 1179 4248 operimentum
1200 4157 1322 4244 [alind]
1346 4186 1361 4218 ιι
1383 4157 1425 4224 de
1446 4155 1595 4247 pellibus

281 4265 438 4348 arietum,
454 4293 469 4326 ιι
487 4279 520 4332 et
531 4287 631 4354 super
642 4265 757 4332 onmia
765 4265 918 4332 velamen
933 4265 1129 4332 ianthinum
1143 4292 1159 4327 ιι
1172 4269 1241 4348 (Ex.
1260 4263 1389 4354 2616),
1406 4304 1451 4313 -
1462 4266 1564 4331 Hebr.
1582 4285 1595 4326 .·

279 4369 435 4438 etvelum
458 4371 672 4459 ianthinum,
697 4371 792 4461 quod
812 4370 980 4462 dependet
992 4393 1095 4460 super
1113 4370 1204 4438 illud
1221 4369 1363 4461 desuper
1382 4410 1425 4420 —
1448 4399 1464 4432 ιι
1488 4382 1594 4436 tento-

284 4476 458 4565 rictusque,
479 4478 574 4566 quod
587 4478 715 4568 pendet
734 4478 770 4544 in
789 4478 934 4544 introitu
949 4475 1161 4544 tabernaculi
1169 4477 1321 4564 foederis
1338 4505 1353 4538 »
1378 4477 1446 4566 (Ex.
1463 4475 1593 4565 2636),

275 4584 432 4651 dividens
447 4590 603 4650 sanctum
623 4586 666 4652 ab
690 4584 793 4666 atrio,
824 4606 855 4650 r.
881 4591 924 4650 26
948 4611 964 4645 ιι
989 4584 1138 4651 cortinas
1155 4583 1240 4650 atrii
1269 4612 1285 4646 ιι
1312 4584 1381 4672 (Ex.
1405 4589 1484 4666 27,9
1499 4604 1593 4672 sqq.;

283 4691 398 4780 35‚17)
421 4717 437 4752 ιι
454 4701 486 4756 et
505 4689 617 4757 oelttm
638 4692 675 4757 in
691 4691 851 4778 introitu,
869 4689 964 4780 quod
980 4702 1027 4756 est
1042 4705 1121 4757 ante
1136 4688 1394 4758 tabernaculum
1411 4717 1426 4752 ιι
1433 4742 1443 4774 ,
1467 4692 1567 4756 Hebr.
1583 4712 1596 4754 .·

286 4810 317 4865 et
329 4798 441 4864 celum
461 4797 587 4888 orificii
603 4809 723 4887 portae
744 4797 841 4879 atrii,
861 4795 956 4887 quod
975 4809 1023 4862 est
1039 4797 1168 4864 circum
1190 4795 1423 4864 habitaculum
1442 4809 1475 4862 et
1487 4797 1597 4864 altore
