3538 5404
695 423 769 470 nau.
793 409 848 482 83·
867 426 930 478 seo.
1432 414 1469 472 65

150 559 351 626 locabantur
378 557 506 647 quippe
538 579 607 624 non
633 579 651 624 e
673 558 813 647 reqiane
848 557 1048 626 candelabri
1071 560 1126 646 (cf.
1156 565 1213 626 Ex.
1242 567 1360 641 25,37;
1389 567 1467 630 Lev.

150 673 249 748 nt‚t;
269 663 416 731 eundem
436 685 572 730 sensum
592 670 693 743 2537
711 665 815 732 habet
838 667 1010 756 expressio
1034 679 1082 732 un
1098 681 1158 734 mr
1172 654 1237 746 bn),
1263 668 1375 734 sedin
1395 668 1469 758 ipso

151 771 373 840 candelabro.
396 771 509 837 Merito
532 770 640 857 igitur
670 771 768 862 Valp.
790 793 890 839 voces
909 795 926 838 e
950 775 1091 864 repioae
1113 772 1312 840 candelabri
1327 775 1370 841 ad
1387 797 1470 865 apo-

151 879 248 946 dosin
271 878 387 945 trahit.
405 892 485 942 tum
503 878 676 944 versiones
693 883 822 945 vertere
847 879 1029 964 terrebant;
1046 880 1133 946 illud
1154 880 1262 966 igitur
1282 880 1370 947 edici
1390 903 1470 948 oeu-

150 991 240 1068 sent‚
261 985 309 1052 ita
334 983 557 1074 apponendas
582 1005 652 1050 esse
676 984 869 1074 lampades,
899 993 938 1053 ut
961 1009 1078 1054 versus
1104 991 1238 1076 partem
1270 987 1472 1054 candelabri

149 1090 356 1159 anteriorem
369 1090 487 1157 lumen
502 1089 717 1158 effunderent
733 1089 802 1178 (Ex.
812 1092 944 1180 25,37)‚
957 1115 1041 1180 ergo
1056 1114 1134 1160 oum
1147 1091 1235 1158 illud
1248 1114 1268 1158 a
1283 1098 1378 1182 parte
1393 1115 1470 1160 aus·

149 1198 229 1266 trali
244 1219 360 1266 coram
384 1201 498 1264 sancto
520 1201 715 1265 sanctorum
735 1203 855 1279 staret,
877 1199 1018 1266 boream
1033 1217 1160 1265 versus.
1183 1203 1234 1264 An
1247 1199 1350 1267 huius
1367 1200 1472 1267 solius

152 1305 202 1372 rei
230 1302 435 1372 sanciendae
466 1303 580 1390 gratia
611 1303 766 1370 divinum
792 1305 971 1395 eloquium
998 1309 1095 1372 Num.
1125 1311 1221 1386 8,1-t
1248 1305 1378 1372 editum
1402 1310 1472 1374 est?

153 1417 275 1478 Verum
298 1425 378 1477 tum
399 1432 525 1500 aequo,
549 1431 593 1476 ne
619 1409 732 1477 dicam
755 1411 882 1500 potiori
908 1414 983 1478 iure
1007 1412 1151 1479 vertitur
1175 1411 1360 1478 accendent
1383 1412 1470 1502 (nat.

153 1525 246 1600 1‚10;
271 1523 312 1584 la.
333 1516 460 1606 ar‚11).
482 1523 540 1584 Ex.
568 1523 666 1600 2731
697 1539 779 1584 cura
809 1517 1028 1585 lucernarum
1051 1518 1325 1584 demandabatur
1348 1519 1474 1585 aaroni

151 1632 186 1692 et
200 1625 299 1708 filiis,
317 1630 396 1706 30,7
415 1645 467 1712 sq.
485 1629 519 1690 et
538 1628 617 1690 Lev.
643 1629 723 1706 Μ
743 1625 833 1690 solus
853 1631 965 1691 Aaron
985 1624 1163 1704 scribitur3
1177 1645 1285 1706 nunc,
1304 1648 1393 1713 quae
1407 1626 1476 1692 sint

152 1753 192 1799 ea
215 1732 252 1798 in
270 1752 307 1797 re
333 1729 492 1814 aaronis,
517 1751 605 1820 quae
634 1729 782 1796 filiorum
805 1736 918 1820 partes
938 1731 1132 1798 accuratius
1152 1729 1341 1816 definitur:
1361 1734 1475 1820 ponti-

152 1837 224 1905 ficis
257 1843 308 1904 est
341 1836 508 1903 collocare
541 1836 717 1916 lucernae,
752 1837 969 1904 sacerdotum
998 1837 1218 1904 collocandas
1250 1859 1473 1926 praeparare.

151 1949 220 2010 Hoc
239 1941 434 2032 pontificem
453 1941 566 2008 faeere
581 1963 649 2008 non
669 1942 792 2009 decet:
814 1964 858 2008 an
872 1963 971 2026 vero,
993 1965 1025 2009 v.
1048 1964 1083 2030 g.
1104 1942 1244 2032 quando
1261 1942 1335 2032 ipse
1355 1944 1475 2011 morbo

152 2048 388 2138 impediretur.
413 2047 531 2115 liceret
554 2047 708 2138 pontifici
732 2047 925 2138 simplicem
949 2048 1161 2116 sacerdotem
1190 2049 1234 2116 ed
1258 2049 1476 2117 collocandas

152 2155 255 2223 etiam
275 2154 453 2245 lampades
477 2153 655 2242 delegare,
677 2153 716 2220 id
742 2176 760 2221 e
783 2160 878 2221 textu
902 2176 971 2221 non
997 2155 1141 2222 indubie
1164 2155 1352 2242 colligitur.
1370 2162 1475 2224 Prae-

153 2261 329 2352 parandae
346 2283 449 2351 porro
473 2266 570 2328 erant
590 2260 767 2350 lampades
789 2283 806 2326 e
828 2259 970 2350 repioae
990 2259 1188 2328 candelabri
1195 2313 1203 2337 ,
1220 2283 1440 2351 nequaquam
1457 2286 1475 2329 c

153 2367 348 2436 sanctuario
367 2373 404 2434 ut
424 2373 631 2458 pararentur
652 2365 859 2433 offerendae.
879 2372 1021 2456 lnsuper
1039 2390 1057 2433 c
1076 2367 1190 2434 verbis
1208 2367 1313 2434 infert
1330 2368 1401 2435 Cui.
1419 2367 1479 2434 de-

100 2543 102 2546 ,
153 2473 267 2541 buisse
285 2495 419 2564 semper
433 2480 563 2564 septem
578 2472 680 2539 simul
694 2471 871 2562 lampades
886 2473 1038 2555 accendi,
1062 2495 1132 2540 non
1152 2495 1258 2541 unam
1274 2473 1473 2541 alteramve.

154 2602 188 2647 v.
213 2587 233 2646 3
259 2609 274 2640 r
301 2579 460 2670 Fecitque
478 2585 596 2646 Aaron
624 2590 656 2645 et
679 2578 845 2668 imposuit
865 2579 1021 2647 tacemus
1043 2601 1146 2669 saper·
1165 2578 1409 2646 cartdelabrum
1426 2604 1477 2648 »e

154 2685 291 2776 cepione
314 2685 528 2772 candelabri,
555 2685 603 2753 ib.
625 2685 669 2752 ab
690 2685 851 2752 Eleazaro
873 2691 907 2752 et
932 2686 1104 2753 Ithamare
1128 2690 1366 2776 praeparatas,
1393 2714 1409 2748 a
1437 2699 1475 2754 ut

150 2805 374 2884 praeceperat
390 2792 556 2874 Dominus
579 2792 693 2882 Moysi
714 2819 744 2860 ».
767 2815 800 2858 v.
819 2797 838 2858 t
859 2819 875 2852 «
899 2795 990 2859 Haec
1008 2805 1124 2860 autem
1151 2804 1225 2858 erat
1243 2794 1381 2880 [aeterra
1396 2816 1476 2862 aaa·

154 2899 286 2968 delubri
290 2951 301 2985 ,
319 2923 361 2966 ec
386 2923 469 2968 atrro
494 2898 637 2980 drictili,
663 2911 732 2966 tam
753 2898 885 2965 medius
905 2898 1010 2989 stipes
1033 2921 1138 2990 quam
1162 2912 1304 2980 cancta,
1332 2923 1419 2989 patae
1435 2923 1477 2968 ee

156 3020 301 3098 retroque
328 3009 539 3074 calamorum
565 3006 669 3073 latere
690 3007 917 3072 nascebantur
944 3024 978 3083 »;
1009 3007 1109 3072 Hebe.
1134 3027 1268 3094 :arsque
1287 3005 1334 3071 ad
1351 3005 1475 3073 barrile

155 3115 245 3202 eius,
271 3113 445 3205 usquead
468 3113 583 3180 lilium
602 3113 696 3198 eiam·
712 3113 757 3178 ab
771 3111 842 3178 imo
865 3111 908 3178 ad
931 3133 1102 3178 summum
1120 3112 1176 3200 (cl.
1195 3117 1251 3178 Ex.
1270 3118 1369 3194 25,31
1392 3113 1472 3201 sq.).

155 3225 318 3290 Narrator
339 3228 473 3302 monet,
496 3221 585 3287 eirea
606 3218 780 3308 reliquum
801 3216 1050 3285 candelabrum
1076 3217 1165 3284 nihil
1193 3219 1295 3284 fuisse
1320 3218 1475 3285 sacerdo-

155 3327 247 3396 tibus
271 3326 532 3418 praestandum,
559 3323 653 3414 quod
674 3323 762 3391 illud
782 3330 891 3391 toturn
913 3329 1000 3392 esset
1019 3346 1059 3389 ex
1078 3345 1162 3390 auro
1181 3324 1404 3412 productum,
1426 3345 1475 3390 so·

156 3435 273 3524 lacque
289 3434 443 3501 lucernas
460 3432 581 3499 abillo
597 3431 745 3522 potuisse
761 3431 911 3521 separari
930 3429 1014 3519 (citt
1053 3430 1089 3518 .).
1113 3459 1128 3490 «
1149 3431 1252 3496 quta
1266 3429 1471 3521 memphim,

157 3540 251 3630 quod
265 3539 413 3608 ostendit
428 3539 593 3606 Dareium·
604 3537 732 3628 Moysi,
750 3537 802 3604 ita
814 3548 976 3626 operatas
992 3549 1040 3602 est
1058 3565 1074 3598 υ
1091 3576 1134 3586 -
1149 3536 1291 3626 aliquis,
1313 3538 1474 3618 Besalem,

158 3670 242 3736 crgo
259 3647 330 3716 :ita
344 3647 473 3714 factum
488 3651 537 3712 est
554 3683 599 3694 —-
618 3673 633 3706 «
652 3643 893 3712 oartdelabrum
914 3671 943 3710 r.

413 3881 448 3931 Ε.
469 3879 668 3932 Leviter-um
682 3877 891 3930 consecratio
905 3877 1001 3930 Num.
1018 3876 1146 3943 8‚5-2c.

205 4057 290 4147 Arq.
306 4093 351 4105 -
371 4053 543 4142 Designati
563 4053 699 4120 fuerant
720 4055 819 4120 Num.
839 4057 858 4118 t
881 4051 1004 4118 levitae
1019 4057 1214 4119 sanctorum
1238 4050 1400 4132 ministri,
1418 4051 1477 4117 sed

160 4165 234 4230 sine
248 4162 387 4253 publica
407 4160 660 4229 consecratione
674 4157 719 4226 ad
736 4157 923 4226 ministeria
940 4179 1009 4224 non
1027 4163 1124 4225 erant
1139 4155 1353 4224 admittendi.
1372 4161 1476 4235 Quam

160 4269 452 4339 consecrationem
470 4266 713 4358 posterioribus
728 4268 831 4333 etiam
843 4263 1054 4354 temporibus
1067 4286 1139 4332 esse
1153 4261 1363 4345 adhibitam,
1385 4272 1418 4332 et
1430 4263 1480 4330 rei

163 4382 286 4444 natura
298 4371 397 4443 ddcet
409 4378 442 4441 et
454 4380 563 4441 textus
576 4380 596 4438 ἃ
609 4378 684 4440 Par.
702 4377 803 4454 29‚3t
816 4371 976 4438 affirmat.
997 4371 1090 4437 Ritui
1107 4370 1368 4437 consecrationis
1381 4392 1479 4460 prae-

163 4483 310 4550 mittitur
333 4505 365 4551 v.
392 4487 412 4547 6
433 4503 484 4570 sq.
511 4479 716 4570 purificatio.
741 4484 814 4568 lpse
839 4476 1048 4545 consecratio
1070 4474 1200 4564 duplici
1221 4481 1355 4543 constat
1378 4477 1480 4542 dona-

162 4591 280 4658 tione:
302 4589 426 4656 levitae
447 4585 538 4654 dono
559 4586 733 4653 donantur
755 4585 878 4651 lahvae
898 4606 919 4650 a
940 4583 1018 4650 filiis
1038 4581 1141 4649 lsrael
1162 4605 1196 4650 v.
1218 4589 1272 4664 11,
1298 4581 1354 4649 cui
1379 4583 1479 4648 simul

164 4721 197 4764 v.
217 4703 258 4764 tn
278 4692 481 4764 sacrificium
505 4693 701 4782 proferunt,
720 4697 754 4758 et
776 4711 911 4760 rursum
930 4712 951 4756 a
970 4691 1071 4756 lahve
1092 4711 1125 4756 v.
1151 4695 1190 4757 13
1213 4711 1263 4779 sq.
1290 4689 1346 4779 (cf.
1372 4711 1405 4756 r.
1425 4688 1480 4776 18)

164 4803 257 4871 dono
269 4803 396 4870 dantur
410 4798 536 4868 aaroni
550 4805 583 4866 et
597 4797 678 4864 filiis
692 4819 756 4888 pro
771 4796 969 4864 ministeriis
981 4795 1096 4864 sacris.

583 4925 756 4964 transactura.
774 4937 805 4950 -
821 4925 847 4962 ut
863 4923 985 4962 nuucuos.
1005 4937 1035 4947 -
1052 4917 1064 4960 5
