3554 5406
732 477 806 520 uun.
829 461 931 535 ml.
1432 460 1490 521 307

162 601 316 679 'temporali
332 615 462 680 accipias,
475 613 658 666 sufficientem
674 615 812 666 rationem
826 613 920 666 reddis
935 615 1013 664 vocis
1029 614 1091 664 heu.
1108 613 1182 677 Ergo
1196 615 1292 677 accipe
1305 627 1392 666 sensu
1407 617 1491 666 etlam

168 705 275 754 causali
301 701 387 770 (Uen.)
407 716 413 752 :
434 703 503 762 Quis
525 704 629 767 poterit
649 704 735 753 vitam
756 703 882 763 trahere,
899 703 959 754 Deo
982 702 1048 752 talla
1072 701 1210 754 faciente?
1224 701 1330 754 Tantae
1355 707 1492 770 apparent

168 795 223 844 hae
234 793 432 856 catastrophae
442 792 524 842 simul
539 795 696 856 spectatae,
711 796 744 842 ut
757 791 907 842 videantur
917 793 1031 842 cunctos
1045 793 1206 842 necessario
1220 804 1283 842 esse
1294 805 1490 858 oppressurae.

213 1053 245 1096 v.
266 1035 308 1096 tt
328 1057 341 1090 ι
359 1028 528 1120 [l'errr'entl
546 1028 583 1094 iri
604 1027 764 1095 trieribus
780 1027 821 1096 de
836 1029 943 1096 Italic
965 1057 996 1098 a.
1017 1035 1081 1097 Pro
1100 1043 1177 1100 'nrm
1199 1031 1293 1096 Sam
1315 1044 1421 1094 narrar
1437 1030 1492 1098 rel

170 1151 288 1210 ursan,
299 1134 584 1225 consentiretque
595 1136 767 1204 versiones
780 1135 944 1226 reliquae.
958 1143 1047 1226 Ergo
1054 1137 1143 1204 nibil
1153 1136 1196 1204 de
1206 1135 1359 1204 nucibus.
1371 1141 1470 1204 Verte
1482 1158 1489 1204 :

170 1241 399 1332 Eqredr'entur
413 1239 548 1332 (Chald.
567 1245 702 1332 tursbae,
723 1245 801 1332 Syr.
830 1242 995 1336 legiones)
1021 1243 1199 1333 ereqr'one
1217 1241 1377 1328 setthim,
1400 1243 1493 1332 quod

169 1371 294 1418 nomen
324 1351 465 1439 proprie
489 1353 638 1439 Cyprum
666 1349 840 1436 designat,
870 1351 951 1418 dein
978 1351 1173 1440 generatim
1200 1371 1317 1416 omnes
1333 1349 1493 1436 regiones

169 1455 359 1524 maritimas
372 1454 599 1522 occidentales
617 1455 688 1546 (CG
703 1478 737 1545 p.
753 1456 1085 1565 309boccideutem.
1103 1457 1154 1524 ah
1169 1479 1209 1524 ea
1228 1461 1325 1546 parte
1340 1455 1494 1546 proficis-

170 1568 300 1646 centur,
319 1563 379 1654 qui
403 1565 506 1630 Assur
519 1563 543 1629 i.
564 1585 594 1630 e.
617 1563 799 1630 orientales
819 1569 1048 1653 prosternent.
1068 1595 1082 1625 (ι
1100 1565 1321 1654 Superaburat
1337 1562 1493 1650 Assyrios

170 1671 421 1760 portabantque
439 1670 609 1735 Hebraeos
627 1697 657 1737 r.
681 1667 783 1737 Hebr.
804 1690 818 1734 .·
833 1673 879 1737 Et
896 1671 1130 1738 humiliabunt
1145 1672 1262 1756 Assrtr,
1281 1681 1313 1735 et
1327 1660 1493 1736 tramitte—

75 1789 79 1800 “
171 1779 253 1842 bunt
283 1778 403 1844 Heder.
430 1777 540 1843 Heber
568 1774 750 1863 designare
772 1777 939 1868 populum
971 1779 1123 1868 aliquem
1146 1777 1200 1844 vel
1223 1776 1370 1866 populos
1394 1775 1494 1842 docet

169 1880 422 1972 parallelismus
433 1903 512 1951 cum
526 1883 641 1952 Assrrr.
657 1888 760 1950 Porro
776 1889 952 1973 tamquam
963 1884 1083 1974 populi
1096 1905 1222 1950 nomeu
1237 1905 1301 1950 vox
1316 1881 1494 1950 uuicoalio

169 1993 262 2055 textu
280 1989 409 2075 legitur
428 1992 512 2056 Gen.
540 1994 638 2072 teat
658 1989 729 2078 filii
752 1989 871 2075 Hebe,
895 2013 964 2080 quo
978 1992 1119 2057 nomine
1140 1995 1250 2078 CGp.
1267 1994 1332 2056 328
1348 1988 1494 2055 doceba-

170 2116 246 2160 mus
261 2095 437 2182 desiguari
456 2095 803 2184 Transeupleraterarea
826 2121 833 2166 :
853 2098 888 2165 b.
907 2097 931 2163 l.
953 2096 1072 2165 Chald.
1091 2117 1099 2164 :
1121 2095 1295 2186 regionem
1312 2109 1409 2161 trans
1424 2096 1495 2162 Ert-

163 2200 326 2292 plnuten.
357 2200 601 2288 lntelliguntur
621 2202 656 2268 b.
678 2203 703 2268 l.
725 2203 1078 2294 Transeuphratenses
1096 2207 1233 2292 praeter
1251 2207 1365 2283 Assur,
1382 2200 1494 2288 Baby-

169 2306 272 2391 lonii,
308 2307 511 2389 Aelamitae,
549 2310 707 2376 Aramaei
740 2314 803 2377 etc.
840 2315 982 2378 Omnem
1021 2315 1115 2376 trans
1152 2309 1281 2375 flumen
1317 2307 1495 2394 regionem

170 2413 331 2500 subigent
351 2413 508 2481 Cetthim.
531 2419 621 2500 Ergo
647 2437 773 2484 nomen
801 2416 837 2482 h.
871 2416 895 2484 l.
926 2439 993 2483 non
1020 2416 1168 2484 retertur
1193 2414 1237 2482 ad
1260 2413 1496 2504 patriarcham

171 2520 296 2602 Heber;
318 2521 492 2609 nequead
511 2521 682 2588 Hebraeos
703 2523 809 2612 (LXX
827 2521 924 2612 Vulq.
940 2523 1054 2612 Syr),
1075 2522 1136 2612 qui
1156 2535 1334 2610 nunquam
1359 2534 1419 2588 aar
1436 2542 1495 2587 au·

170 2627 270 2693 diunt
284 2625 343 2692 sed
363 2641 478 2706 urant,
495 2633 528 2694 et
546 2649 567 2694 a
593 2627 732 2696 Balaam
752 2636 918 2698 vocantur
941 2628 1042 2697 Iacob
1062 2629 1117 2696 vel
1135 2628 1258 2710 lsrael,
1276 2626 1337 2716 qui
1362 2627 1391 2693 si
1410 2626 1446 2693 h.
1468 2625 1492 2693 l.

170 2733 444 2820 designarentur,
470 2733 653 2801 coniiceret
679 2735 716 2801 in
742 2735 821 2803 flios
852 2736 990 2804 Balaam
1017 2734 1296 2802 maledictionem
1320 2731 1492 2822 aliquam,

170 2840 263 2929 quod
282 2862 316 2907 se
336 2840 432 2907 nullo
454 2840 594 2907 nomine
614 2842 786 2908 facturum
802 2864 873 2910 esse
893 2847 1100 2932 protestatus
1115 2842 1228 2908 luerat
1243 2843 1328 2929 ipse.
1350 2866 1365 2900 a
1383 2841 1428 2905 Et
1441 2838 1499 2928 [ad
1586 2913 1588 2918 ,

170 2945 371 3032 eatreuuun]
387 2946 489 3013 etiem
506 2947 576 3036 ipsi
587 2947 750 3038 peribant
767 2977 798 3016 n.
814 2952 915 3020 Hedr.
934 2953 1028 3016 Sam.
1052 2967 1059 3014 :
1085 2949 1167 3038 r'pse.
1193 2952 1282 3033 Ergo
1301 2968 1374 3012 non
1392 2949 1497 3012 Assur

171 3066 203 3118 et
222 3051 343 3136 Heber,
372 3053 409 3119 hi
430 3053 521 3119 enim
539 3052 608 3119 duo
626 3076 704 3121 oum
724 3056 809 3136 sint,
833 3056 1008 3140 exigerent
1034 3075 1227 3144 pronomen
1247 3073 1392 3119 numero
1417 3051 1496 3141 plu-

170 3158 251 3240 rali,
267 3165 300 3226 et
324 3163 504 3247 praeterea
517 3159 587 3226 iam
609 3166 688 3226 suut
702 3159 880 3227 brrmillatr'
891 3183 971 3242 seu,
989 3159 1082 3252 quod
1105 3159 1199 3226 idem
1214 3164 1282 3238 est,
1296 3157 1493 3246 perierrrnt3

170 3287 239 3332 nou
264 3267 374 3332 Heber
397 3264 506 3347 solus,
524 3265 585 3355 qui
604 3288 672 3331 uon
699 3266 908 3336 narrabatur
926 3267 1131 3357 oppressisse
1152 3285 1380 3354 quemquam,
1398 3263 1497 3330 intel-

170 3371 232 3459 ligi
257 3378 372 3440 autem
396 3393 628 3462 oppressorem
654 3372 782 3438 indicat
804 3373 1015 3462 adscriptum
1044 3372 1169 3455 etiem,·
1191 3392 1258 3437 non
1286 3370 1496 3436 Assursolus

173 3476 259 3566 (Dill
297 3479 338 3567 .),
357 3501 444 3568 quae
463 3479 658 3568 explanatio
685 3480 822 3565 ignorat
837 3479 1129 3546 constructionem
1144 3484 1294 3566 nataque
1313 3481 1418 3543 estex
1436 3475 1496 3542 de-

171 3584 297 3652 siderio
324 3585 605 3668 demonstrandi,
623 3585 689 3652 boe
712 3585 891 3653 oraculum
913 3585 1019 3653 serius
1038 3585 1299 3668 concinnatum,
1322 3605 1390 3674 quo
1409 3589 1497 3649 tem-

170 3713 254 3780 pore
281 3692 407 3778 Assyrii
434 3692 604 3758 Hebraeos
632 3692 886 3781 opprimebant.
918 3696 988 3760 Una
1015 3700 1064 3758 est
1089 3713 1191 3778 gens,
1224 3689 1320 3758 cuius
1347 3693 1497 3757 extremo

171 3803 324 3886 tempore
337 3804 462 3864 sortem
482 3797 639 3864 nondum
660 3798 770 3866 edocti
789 3821 922 3880 samue,
948 3795 1094 3866 Cettlrr'm
1114 3821 1127 3865 .·
1155 3798 1199 3864 ad
1224 3797 1286 3863 hos
1307 3817 1497 3886 pronomen

171 3905 319 3969 refertur
338 3901 467 3992 (Vct),
492 3905 536 3970 ad
560 3904 624 3971 hos
648 3905 796 3972 retulere
816 3905 985 3972 versiones
1009 3910 1179 3972 vertentes
1193 3903 1271 3994 qast.
1296 3901 1333 3969 ld
1356 3901 1496 3968 omnine

169 4009 320 4098 postulat
346 4015 517 4076 structura
538 4010 757 4078 oraculorum
779 4033 811 4080 v.
842 4017 956 4093 17-2'4,
988 3995 1076 4101 quae
1102 4009 1317 4095 singularum
1340 4007 1497 4094 gentium

171 4121 323 4184 extremo
338 4121 494 4206 tempore
511 4121 637 4184 sortem
652 4105 886 4206 explicabant:
908 4118 1013 4207 idque
1028 4117 1251 4184 confirmatur
1266 4136 1348 4181 voce
1364 4112 1469 4180 etiarn
1484 4131 1497 4176 :

172 4223 334 4312 peribunt
363 4222 475 4304 Moab,
504 4227 666 4306 Ammon,
695 4222 802 4290 Edem
829 4229 863 4290 et
885 4225 1038 4307 Amalec,
1065 4223 1218 4312 captivus
1244 4220 1389 4288 ducetur
1415 4218 1495 4301 Cin,

173 4326 415 4396 humiliabitur
439 4333 553 4412 Assur,
576 4329 739 4420 peribunt
760 4329 864 4397 etiam
886 4330 1044 4398 cetthim.
1064 4327 1175 4410 Dices,
1198 4349 1347 4416 eqreasos
1364 4325 1406 4393 de
1424 4329 1499 4394 Cet-

175 4433 260 4500 rlrr'm
279 4455 351 4500 esse
376 4434 562 4525 pluralem,
589 4436 661 4526 ipse
678 4435 904 4522 singularem.¹
929 4436 993 4502 Sed
1015 4457 1108 4516 mox,
1136 4435 1185 4501 uti
1209 4432 1333 4522 reliqui
1356 4432 1496 4523 populi,

173 4539 320 4609 Cetthim
337 4540 578 4631 concipiuntur
591 4549 769 4632 tamquam
783 4564 891 4609 unum
905 4541 1123 4609 individuum
1140 4559 1147 4607 :
1166 4562 1280 4607 nonne
1295 4538 1396 4606 etiam
1414 4543 1495 4606 Gen.

176 4654 253 4728 10,t
271 4647 417 4714 Catthim
431 4654 653 4716 recensentur
666 4657 844 4738 tamquam
862 4671 949 4715 unus
962 4648 1054 4715 filius
1068 4649 1196 4715 laven?

217 4759 321 4821 Breve
352 4754 416 4821 hoc
442 4755 618 4822 oraculum
639 4753 744 4822 habet
762 4755 945 4822 distichum
970 4762 1096 4844 atque,
1118 4755 1167 4820 uti
1187 4753 1276 4820 illud
1295 4776 1327 4819 v.
1353 4758 1416 4819 18⁰.
1444 4757 1496 4837 19,

174 4860 296 4929 desinit
316 4861 352 4927 in
372 4860 592 4929 tristichum:
1483 4863 1485 4872 '
