3528 5402
700 429 774 473 uuir.
800 413 891 486 teos
912 429 976 480 soo.
1447 418 1505 476 ini

178 567 265 628 esset
278 560 421 628 sabbato
438 560 644 628 sumendum
662 561 835 650 (Denso),
854 562 912 628 serl
927 563 1142 651 potissimum
1164 592 1179 626 ι(
1203 557 1401 650 inscienter,
1419 567 1507 655 quid
1522 557 1527 566 ⁵

178 689 278 757 super
301 691 338 733 eo
351 668 467 756 fucere
487 666 647 734 deberent
665 695 695 734 n.
718 671 776 748 tt,
799 691 912 735 nonno
937 674 993 735 Ex.
1019 677 1120 752 31‚1t
1140 671 1177 737 in
1199 671 1287 738 illud
1308 673 1417 740 scelus
1436 679 1504 739 sia-

178 779 251 841 tuta
277 775 389 842 fuerat
408 796 521 863 poene
542 775 685 841 mortis?
712 775 875 862 suggerit
893 775 1002 861 igitur
1022 776 1121 842 euno
1141 777 1178 866 (l.
1202 801 1230 844 e.
1260 783 1298 844 ti.
1325 783 1418 866 168),
1442 803 1504 847 an-

178 880 298 970 cipites
326 881 403 948 illos
429 881 593 965 haesisse,
620 904 688 970 quo
712 883 867 971 praecise
891 881 1060 972 supplicio
1084 882 1143 949 ille
1170 890 1258 950 esset
1283 885 1503 974 plectendum

182 987 270 1072 tat,
290 1011 334 1053 un
356 985 578 1054 collectorum
600 987 795 1078 aliquorum
820 988 992 1075 lignorum
1019 989 1160 1055 mauris
1179 1012 1299 1079 reapse
1326 998 1412 1059 esset
1430 1015 1508 1078 gra-

179 1095 242 1160 vis.
270 1093 433 1177 Advorte,
462 1093 586 1160 heberi
614 1093 656 1160 de
679 1095 801 1161 eadem
831 1116 866 1161 re
897 1094 1148 1184 expressionem
1180 1096 1235 1162 vix
1259 1119 1325 1164 non
1360 1099 1505 1165 eandem

177 1205 255 1268 Lev.
284 1206 385 1280 enit
413 1223 421 1268 τ
446 1215 516 1264 nini
534 1215 566 1268 iti
582 1189 620 1268 bv
636 1190 700 1266 oth
719 1189 822 1274 ritib,
851 1200 899 1268 od
922 1201 1012 1268 olore
1037 1200 1263 1269 indicendum
1285 1204 1368 1293 spois
1386 1227 1448 1295 per
1469 1229 1504 1272 oo

177 1306 295 1388 Iubce,
322 1307 356 1373 h.
384 1307 407 1374 l.
432 1296 462 1370 ib
482 1322 566 1375 novi
583 1322 632 1372 tin
647 1321 716 1375 ntia
731 1297 770 1370 nh
785 1323 829 1384 io,
848 1307 932 1398 quio
953 1331 1024 1375 uon
1043 1307 1134 1375 olore
1154 1308 1346 1377 indicatum
1361 1313 1501 1400 fueret,

178 1412 266 1502 quid
281 1412 485 1501 faciendum
505 1427 587 1480 esset
610 1413 687 1504 spei.
711 1415 785 1481 Suis
804 1413 941 1480 iudiciis
965 1414 1002 1481 in
1023 1415 1123 1482 rebus
1143 1417 1312 1502 gravioris
1335 1422 1502 1484 momenti

176 1541 246 1586 non
261 1519 431 1603 fidebant,
449 1519 507 1587 sed
523 1519 679 1588 divinum
700 1521 879 1588 oraculum
903 1522 1141 1605 consulebant,
1160 1545 1228 1612 quo
1249 1524 1374 1590 certius
1386 1547 1505 1592 omnes

178 1625 261 1714 quid
282 1627 456 1712 agendum
486 1631 574 1694 esset
592 1629 841 1716 perspicerent.
867 1632 1047 1694 Praeterea
1074 1633 1150 1717 post
1169 1629 1344 1696 decretum
1367 1637 1422 1698 Ex.
1449 1639 1502 1712 31,

179 1738 219 1800 u
241 1733 313 1798 solo
342 1731 459 1798 divino
481 1733 621 1800 oraculo
646 1734 746 1800 venia
768 1757 827 1801 reo
848 1734 990 1801 concedi
1018 1740 1162 1824 poterat.
1192 1758 1223 1802 v.
1245 1737 1505 1826 obnubitque

177 1839 344 1905 Dominus
373 1837 422 1904 ud
444 1841 584 1927 Moysen
610 1861 623 1904 .·
649 1842 758 1906 Morte
779 1840 948 1906 moriatur
969 1839 1068 1906 bomo
1094 1841 1171 1924 iste,
1197 1844 1317 1909 obruat
1346 1865 1422 1910 curn
1456 1844 1506 1909 l-

172 1943 315 2035 pidibus
341 1945 452 2011 omnis
485 1948 584 2012 turbu
608 1958 706 2013 entra
737 1960 849 2014 costra
880 1975 909 2013 ».
944 1969 978 2014 v.
1007 1954 1049 2013 36
1086 1975 1101 2008 u
1132 1949 1285 2037 Cumque
1314 1950 1507 2017 eduxissent

177 2073 254 2118 eum
271 2050 386 2137 soros,
409 2055 603 2148 ¹obruerunt
639 2053 812 2142 lapidibus·
839 2066 871 2119 et
902 2066 1057 2120 mortuus
1079 2067 1144 2140 eu,
1177 2057 1264 2122 sicut
1290 2071 1508 2146 praeceperat

181 2157 393 2225 Dominus».

299 2387 331 2447 5.
357 2383 428 2446 Les
452 2381 493 2446 de
514 2380 661 2468 fintbrr't's
686 2381 722 2446 in
744 2380 865 2472 palliis
887 2381 1062 2472 pestunch‘s
1086 2384 1189 2450 Num.
1219 2387 1389 2462 tatii-ti.

221 2586 305 2673 Arp.
330 2624 375 2634 —
399 2589 445 2651 Ne
465 2585 583 2652 divine
607 2585 787 2666 mandata,
805 2585 976 2674 imprimis
992 2585 1045 2652 lex
1062 2585 1215 2670 sabbati,
1237 2585 1372 2653 facilius
1391 2588 1502 2674 negli-

176 2696 315 2779 gantur,
342 2690 507 2758 iubentur
530 2691 673 2758 Hebraei
696 2693 856 2758 caerulea
884 2692 942 2759 fila
969 2694 1003 2758 iu
1032 2693 1099 2760 oris
1134 2693 1319 2782 palliorum
1345 2700 1500 2780 gestare,

177 2819 324 2886 quorum
341 2804 479 2886 aspectu
496 2798 737 2864 mandatorum
762 2799 1041 2866 commonebant.

213 3009 295 3059 Dent.
313 3007 395 3069 wi
413 3021 470 3058 una
484 3019 553 3056 voce
569 2987 658 3064 trihu
681 3007 750 3057 illuri
769 3009 943 3070 exprimitur,
958 3008 1032 3072 quod
1048 3009 1075 3058 h.
1102 3009 1121 3057 l.
1134 3008 1243 3060 duabus
1262 3009 1376 3058 vocibus
1389 3015 1463 3064 niti&
1477 3016 1506 3060 et

176 3077 251 3156 hine
267 3097 440 3147 describitur.
463 3076 552 3153 nihii
569 3091 611 3162 (el.
631 3097 645 3146 3
669 3097 739 3159 ling,
758 3095 831 3160 uit)
855 3096 964 3147 videtur
983 3109 1046 3148 osse
1061 3097 1166 3160 aliquid
1193 3103 1343 3146 contortum
1363 3097 1506 3148 adinstar

177 3188 291 3236 catenae
308 3197 314 3234 :
339 3185 414 3247 Vulp.
432 3185 565 3250 seruituti,
581 3187 645 3234 titt
658 3182 774 3252 στρεπτά.
791 3191 866 3239 pxiii
882 3185 958 3248 Vulp.
975 3185 1058 3236 vertit
1073 3186 1209 3250 tirubriuo,
1227 3186 1290 3236 tir
1302 3181 1429 3250 κράσπεδα
1442 3187 1460 3234 i.
1478 3199 1502 3234 e.

177 3289 251 3324 orum
268 3271 463 3342 (vestimenti),
478 3287 597 3338 quacum
611 3286 713 3336 graeca
725 3286 793 3323 voce
806 3275 942 3322 consonat
956 3273 1051 3323 Chuld.
1068 3279 1213 3354 p'tiibl'ib.
1230 3274 1292 3323 Vox
1305 3275 1371 3324 item
1385 3273 1505 3324 habetur

177 3363 224 3414 liz.
250 3363 304 3421 8,3.
330 3363 378 3414 ubi
404 3362 477 3424 l'utp.
504 3363 660 3422 cincinnus,
684 3363 748 3412 LXX
770 3360 889 3428 κορυφῆς,
911 3361 1006 3411 cnuto.
1031 3361 1143 3426 capilli,
1160 3362 1223 3424 Syr.
1250 3367 1333 3446 repit}
1355 3362 1432 3428 ptum
1455 3359 1501 3427 (ci.

177 3452 276 3504 Chald.
295 3453 341 3502 ΕΖ.
362 3451 464 3516 ibib).
488 3452 626 3501 Videntur
640 3464 708 3502 sane
723 3451 868 3502 versiones
883 3451 1024 3500 tentantes
1039 3449 1199 3512 procedere.
1217 3430 1292 3509 bitin
1308 3463 1342 3500 ex
1358 3451 1419 3501 Iud.
1441 3451 1503 3512 iao

177 3546 220 3593 est
235 3543 324 3593 tenuis
340 3540 477 3606 funiculus
489 3553 538 3591 sou
548 3539 633 3604 filum.
650 3539 726 3590 Haec
739 3539 786 3589 sila
801 3553 828 3589 v.
845 3539 878 3588 38
889 3543 955 3590 sunt
970 3539 1161 3600 hyacinthina,
1174 3551 1231 3589 non
1245 3552 1312 3590 vero
1326 3540 1395 3590 illud
1411 3545 1499 3600 nuum

177 3644 235 3680 non
249 3631 314 3680 suni
332 3630 458 3680 eiusdem
478 3630 667 3692 putealique,
684 3628 733 3679 sed
753 3629 793 3677 illi
816 3630 1002 3692 imponuntur.
1020 3621 1122 3691 Aliqui
1134 3629 1219 3691 igitur
1236 3629 1398 3692 intelligunt
1418 3632 1502 3679 cirros

177 3717 310 3786 (houppe,
325 3719 421 3775 tessal,
438 3715 563 3784 Quastel,
581 3731 652 3781 quos
667 3717 792 3768 eiusdem
808 3730 871 3766 cum
886 3716 941 3768 iilis
955 3717 1057 3767 coloris
1071 3715 1158 3768 luisse
1171 3720 1388 3781 exspectaveris.
1407 3719 1436 3768 Si
1452 3717 1502 3767 ad-

177 3809 296 3858 haereas
310 3809 431 3857 versioni
449 3807 522 3857 Lxx
538 3807 567 3856 h.
583 3807 614 3865 l.‚
632 3807 748 3857 habebis
765 3807 853 3869 ipsius
868 3807 953 3856 vestis
969 3819 1044 3854 orem
1059 3819 1109 3856 seu
1126 3805 1242 3857 limbum
1258 3813 1393 3858 retortum
1408 3805 1500 3869 (bord,

176 3898 255 3956 hem,
274 3895 381 3961 Setun),
396 3896 439 3945 cui
455 3896 503 3944 illa
522 3895 568 3944 fila
587 3895 800 3958 aclaptabautur.
818 3896 890 3943 Sum.
912 3907 939 3942 v.
962 3893 994 3944 38
1010 3895 1129 3959 primum
1149 3896 1245 3945 scribit
1260 3901 1375 3956 mixtu,
1395 3895 1442 3957 qui
1460 3901 1502 3944 cst

176 3985 294 4050 pluralis
307 3986 385 4036 vocis
404 3990 477 4039 nitiit
490 3985 537 4046 llos
553 3982 601 4049 (is.
623 3981 713 4050 28,t);
726 3997 799 4047 quae
819 3983 903 4034 lectio
917 3985 941 4032 si
962 3997 987 4032 r.
1010 3983 1043 4033 38
1060 3997 1101 4048 sq.
1119 3997 1170 4047 pro
1191 3985 1314 4048 genuina
1333 3983 1499 4042 sufficiatur,

175 4070 323 4125 habebitur
342 4072 394 4124 llos
408 4085 423 4124 e
439 4086 494 4136 quo
514 4072 562 4122 ille
582 4071 629 4123 fila
647 4073 857 4136 protrudentur,
874 4085 942 4135 ergo
964 4085 1074 4123 rursum
1096 4075 1194 4124 ebrus.
1220 4099 1254 4108 -
1278 4072 1356 4131 Quos
1371 4085 1386 4120 a
1402 4084 1500 4124 monu-

175 4165 278 4214 mentis
296 4163 444 4214 Persarum
463 4163 494 4212 E.
511 4162 604 4211 ttieom
625 4159 895 4228 (Haudwbrterbuoh
910 4161 960 4212 des
979 4162 1044 4212 bibl.
1063 4163 1231 4219 Alternum,
1251 4161 1275 4209 i.
1300 4159 1372 4208 Arrii.
1393 4160 1413 4208 Ι.
1433 4160 1500 4219 898,

178 4251 312 4302 Bieleield
327 4265 354 4301 u.
381 4251 497 4314 Leipzig
521 4250 595 4316 1893)
620 4252 707 4300 eirros
731 4252 887 4313 comparat,
903 4251 923 4300 ii
946 4251 1059 4314 longius
1083 4255 1225 4314 petuntur,
1243 4261 1326 4311 quam
1349 4253 1379 4298 ut
1404 4253 1501 4298 nostro

178 4341 266 4391 textui
278 4342 369 4390 lucem
384 4340 511 4390 afferant.

221 4510 253 4554 v.
277 4493 319 4554 37
337 4516 353 4548 u
370 4486 467 4553 Discit
482 4509 618 4576 quoque
643 4484 810 4552 Dominus
831 4485 880 4552 od
893 4487 1034 4574 Moysen
1053 4512 1069 4545 »
1091 4507 1098 4550 :
1113 4508 1144 4552 v.
1161 4492 1202 4552 38
1221 4511 1236 4546 o
1254 4487 1405 4575 Loquere
1417 4485 1500 4573 filiis

177 4592 285 4660 lsrael
302 4606 334 4662 et
357 4592 447 4661 dices
471 4593 519 4658 od
544 4615 616 4672 eos,
640 4603 679 4658 ut
705 4592 845 4679 faciunt
870 4591 937 4657 siti
951 4591 1104 4679 firtrbrios
1128 4613 1190 4681 per
1206 4590 1353 4679 onpulos
1371 4590 1500 4681 pollio-

177 4722 265 4786 rum,
279 4713 445 4790 ponentes
460 4699 498 4765 in
511 4699 558 4765 eis
574 4697 676 4764 cittus
690 4697 935 4786 hyacinthinos
949 4701 1015 4775 uls
1030 4697 1124 4764 color
1138 4697 1357 4788 praecipitur,
1377 4719 1447 4762 nou
1463 4701 1500 4762 ut

177 4807 225 4874 eis
246 4807 281 4872 in
306 4806 506 4873 memoriam
530 4809 665 4872 revocet
684 4804 837 4887 eoelum,
857 4803 947 4871 undo
970 4805 1132 4872 mandute
1152 4805 1311 4894 prodiere
1328 4801 1497 4892 (Boutta),
