3538 5404
263 385 303 448 28
687 400 764 446 acra
784 401 940 447 sturmen
960 399 1154 445 parentoso.

299 539 361 589 vox
375 518 471 594 nillil
481 551 508 588 v.
527 538 536 588 l
554 537 673 589 eandem
687 538 802 588 omnino
814 536 1048 601 significationem
1062 535 1149 586 habet
1161 538 1245 600 atque
1255 535 1327 586 Gen.
1343 534 1385 594 5,l
1401 534 1563 599 :posteritas
1571 547 1578 594 ;

259 641 311 691 pro
326 640 381 692 qua
393 629 421 677 h.
438 627 457 676 l.
474 639 501 675 v.
519 626 733 688 ‘tsynonymum
746 627 877 676 scribitur
890 627 954 690 filii.
972 626 1067 676 Potuit
1083 627 1179 690 utique
1199 631 1298 675 auctor
1311 636 1373 674 eam
1393 635 1491 673 rocam
1509 625 1579 673 scri·

257 717 327 768 bens
344 716 441 766 titulos
456 715 599 766 Geneseos
614 717 643 764 in
658 720 751 765 mente
765 715 880 765 babere.
905 715 960 786 Sed
975 712 1081 778 aliquid
1102 714 1166 777 plus
1184 712 1372 764 subodoratur
1392 711 1485 761 Dittm.
1503 725 1509 762 :
1527 725 1579 772 so,

257 803 332 869 quod
349 819 376 853 v.
400 804 431 872 12
451 817 493 868 sq.
511 805 612 854 levitas
626 803 702 854 Deus
716 803 778 853 loco
794 805 1044 867 primogenitorum
1063 801 1177 853 Israelis
1197 801 1249 852 sibi
1268 805 1407 862 reservet,
1424 804 1520 851 censet
1533 801 1580 851 ille

258 892 411 942 secundum
431 896 554 955 systema
577 891 721 942 Geneseos
740 892 899 942 continuari
920 893 976 941 iam
995 892 1111 942 seininls
1130 890 1211 942 electi
1230 891 1429 953 generationes
1449 891 1478 940 in
1498 889 1580 939 domo

266 983 370 1031 Aaron.
390 980 517 1030 Erotium
537 993 599 1031 esse
615 980 716 1030 librum
735 991 752 1029 a
771 980 875 1031 Genesi
898 979 1060 1030 distinctum
1080 978 1298 1030 ostendebamus
1318 977 1388 1028 CEL
1407 991 1435 1042 p.
1460 978 1487 1037 l;
1509 978 1581 1026 inter

262 1072 490 1132 «generationes
512 1068 594 1120 Iacob
621 1068 725 1120 »Gen
752 1069 817 1130 37,‘t
834 1071 861 1120 et
882 1087 893 1114 ι
913 1071 1109 1134 generationes
1129 1069 1223 1118 Aaron
1251 1083 1262 1114 i
1289 1069 1317 1116 b.
1341 1068 1360 1116 l.
1386 1066 1582 1117 desiderantur

257 1160 454 1221 generationes
480 1156 602 1208 filiorum
630 1157 718 1208 Israel
747 1163 796 1208 aut
819 1160 893 1210 certe
919 1158 1115 1222 generationes
1138 1155 1219 1218 Lerl;
1245 1168 1315 1220 ergo
1339 1155 1410 1205 illud
1437 1155 1581 1206 Geneseos

259 1251 381 1310 systema
395 1246 431 1297 ad
443 1246 582 1297 Numeros
595 1258 652 1296 non
666 1247 808 1310 pertingit.
827 1245 988 1298 Secundum
1002 1244 1071 1295 illud
1085 1245 1221 1296 deberent
1235 1247 1302 1295 item
1316 1244 1381 1294 inde
1401 1257 1418 1293 a
1432 1243 1517 1293 Num.
1535 1241 1577 1303 3,l

260 1337 384 1386 omnium
408 1337 580 1399 reliquorum
603 1334 724 1386 filiorum
749 1334 836 1386 lsrael
861 1341 889 1387 et
918 1335 986 1387 Levi
1011 1334 1070 1386 lata
1092 1335 1199 1397 negligi
1222 1333 1269 1397 (ct.
1293 1333 1378 1396 GGp.
1403 1333 1438 1398 3).
1464 1331 1581 1382 Levitae

259 1435 287 1474 v.
313 1423 343 1474 tt
373 1437 416 1487 sq.
439 1421 509 1474 stunt
536 1423 649 1486 quidem
675 1425 866 1487 corripensatlo
893 1439 944 1475 seu
972 1423 1127 1488 redemptio
1150 1436 1202 1486 pro
1230 1423 1425 1486 primogenitis
1451 1420 1580 1480 Israelis,

260 1517 289 1562 at
313 1514 376 1562 tara
399 1513 648 1576 primogenitorum
671 1525 727 1562 non
748 1515 957 1564 nanciscuntur.
985 1512 1066 1572 Quae
1090 1511 1173 1562 iacob
1197 1513 1320 1580 moriens
1345 1510 1415 1561 Gen.
1444 1508 1506 1570 l8‚5
1534 1521 1581 1572 sq.

261 1601 441 1651 transtulerat
459 1603 487 1649 in
507 1600 608 1663 loseph
626 1599 710 1665 (cap.
734 1602 810 1668 581);
827 1602 902 1666 quod
921 1602 1096 1665 patriarchae
1116 1599 1220 1651 laetum
1240 1611 1354 1662 semper
1372 1601 1463 1649 ratum
1483 1597 1581 1647 habuit

173 1723 174 1728 κ
258 1688 382 1750 Moyses,
407 1689 539 1752 Ephraim
561 1691 588 1739 et
612 1689 762 1742 Manassen
788 1690 859 1740 duas
882 1703 1040 1754 agnoscens
1065 1690 1164 1740 tribus.
1191 1689 1322 1739 Dicamus
1345 1691 1430 1751 igitur
1453 1689 1579 1737 nostmm

258 1779 400 1828 auctorem
421 1777 485 1828 ideo
508 1777 591 1828 Num.
617 1777 657 1838 3,1
683 1780 892 1842 expressionem
912 1759 1007 1835 nstin
1028 1759 1088 1834 abrs
1112 1779 1263 1841 selegisse,
1284 1790 1341 1828 non
1361 1789 1416 1840 quo
1436 1776 1580 1827 Geneseos

258 1867 448 1916 narrationem
466 1865 608 1918 individue
623 1867 711 1918 veluti
725 1868 915 1928 continuaret,
932 1867 982 1918 sed
1003 1867 1078 1931 quod
1101 1879 1135 1917 aa
1154 1869 1299 1930 expressio
1319 1865 1390 1916 illud
1409 1864 1579 1916 adamussim

258 1953 395 2015 ediceret,
411 1956 486 2018 quod
501 1957 560 2018 ipse
575 1957 722 2006 enuntiare
737 1957 876 2019 cupiebat.

307 2122 387 2216 Cep.
415 2121 469 2185 iii
484 2143 516 2185 v.
547 2126 563 2187 1
593 2148 609 2182 a
638 2123 712 2187 Hae
735 2134 815 2187 stent
836 2121 1077 2210 generationes
1096 2123 1212 2188 Aaron
1236 2133 1268 2187 et
1292 2118 1421 2208 Moysis
1442 2119 1478 2185 in
1502 2117 1576 2200 otte,

260 2251 328 2318 qne
348 2226 483 2293 lectites
501 2238 549 2292 est
569 2227 734 2294 Dentinus
757 2227 806 2294 nd
825 2229 968 2317 Moysen
995 2228 1033 2294 in
1058 2240 1172 2294 monte
1191 2226 1293 2294 Sinai
1308 2255 1339 2294 ».
1361 2225 1511 2315 Eloquiis
1525 2225 1579 2291 di·

260 2333 347 2400 vinis
369 2332 559 2423 praemittit
579 2341 700 2400 auctor
720 2336 961 2421 generationes
980 2340 1094 2402 Aaron
1119 2340 1153 2401 et
1175 2335 1304 2421 Moysis.
1327 2333 1506 2422 Sapienter
1520 2333 1581 2422 qui

259 2443 328 2508 sint
354 2439 545 2508 sacerdotes
569 2439 606 2507 in
632 2446 783 2508 mentem
807 2448 1000 2524 revocatur,
1029 2463 1073 2508 ne
1097 2441 1221 2508 horum
1247 2439 1433 2530 aliquando
1454 2439 1578 2506 levitae

260 2569 294 2614 se
317 2547 478 2637 aequales
507 2550 679 2636 reputent.
709 2547 925 2614 Potissimum
953 2569 1033 2614 vero
1061 2547 1115 2613 his
1143 2546 1421 2634 generationibus
1440 2543 1579 2612 evidens

260 2651 428 2731 redditur,
455 2651 535 2718 solis
554 2651 665 2720 tribus
683 2659 756 2718 tum
780 2653 963 2720 ordinariis
985 2652 1221 2720 sacerdotibus
1237 2652 1328 2719 inter
1342 2653 1437 2718 sivos
1450 2651 1580 2738 degen-

259 2759 367 2840 tibus,
403 2759 630 2825 necesserium
668 2759 808 2826 omnino
839 2760 958 2842 fuisse,
994 2767 1031 2826 ut
1061 2759 1103 2825 de
1133 2758 1298 2826 ministris
1328 2757 1433 2824 sacris
1467 2756 1579 2846 provi-

260 2863 413 2930 deretur.
441 2870 528 2932 Sunt
550 2865 659 2950 igitor
678 2888 738 2932 eae
762 2866 1002 2952 generationes
1026 2867 1129 2932 etiam
1154 2866 1306 2933 defensio
1332 2865 1451 2953 aliqua
1476 2886 1579 2954 prae-

259 2971 434 3057 rogativae
464 2971 573 3037 levitis
608 2971 764 3038 collatae.
800 2972 952 3040 Ostendit
987 2995 1090 3062 porro
1126 2977 1257 3052 auctor,
1293 2994 1362 3061 quo
1391 2971 1467 3038 loeo
1500 2970 1580 3037 illae

258 3079 495 3165 generationes
521 3077 664 3160 suerint,
690 3077 830 3169 attendo
855 3078 979 3145 levitae
999 3078 1043 3144 ad
1067 3101 1164 3146 sacre
1187 3079 1378 3145 ministeria
1403 3079 1500 3144 fuere
1529 3099 1579 3144 as-
1645 3081 1649 3090 '

258 3185 401 3274 sumpti3
424 3183 516 3274 quod
532 3191 569 3250 ut
586 3191 752 3275 praestet,
768 3191 921 3252 recenset
935 3190 1019 3275 quoi
1033 3185 1123 3252 filios
1142 3191 1256 3252 Aaron
1272 3185 1435 3251 habuerit
1449 3185 1486 3251 in
1501 3183 1576 3260 die,

259 3313 326 3380 quo
355 3292 468 3380 prima
500 3297 654 3357 emente
683 3291 775 3356 Sinai
799 3296 886 3358 Deus
914 3290 1054 3357 oracula
1082 3289 1245 3372 ediderit,
1269 3296 1303 3356 et
1330 3293 1415 3379 quot
1444 3311 1483 3355 ex
1510 3288 1580 3356 illis

260 3419 366 3486 usque
391 3397 436 3462 ad
457 3396 645 3464 seeundum
667 3419 818 3463 mensem
840 3396 983 3464 secundi
1002 3399 1084 3463 anni
1105 3404 1215 3463 morte
1235 3396 1398 3463 amiserit.
1417 3395 1580 3461 Praemit-

263 3504 343 3569 titur
365 3506 497 3585 Aaron,
528 3525 595 3569 non
620 3509 689 3569 mm
714 3503 809 3592 quod
839 3504 942 3570 luerit
967 3504 1091 3582 senior,
1118 3524 1199 3570 nam
1226 3503 1309 3570 alias
1334 3507 1459 3589 Moyses
1479 3523 1579 3592 saepe

260 3615 337 3674 ante
360 3607 455 3674 illum
485 3609 657 3688 scribitur,
674 3609 733 3674 sed
748 3609 839 3699 quod
859 3610 932 3676 eius
955 3610 1094 3676 tandem
1119 3609 1224 3676 solius
1245 3609 1306 3675 filii
1322 3617 1577 3694 recenseantur,

258 3720 293 3781 et
307 3715 399 3803 quod
418 3715 521 3782 fuerit
541 3722 644 3804 eaput
662 3716 845 3782 sacerdotii
868 3715 1052 3797 ordinarii,
1070 3716 1153 3782 dum
1174 3721 1299 3804 Moyses
1318 3722 1403 3783 esset
1423 3714 1581 3783 sacerdos

257 3821 546 3888 extraordinarius
569 3829 717 3888 tantum.
745 3821 811 3890 Sed
840 3845 902 3888 our
925 3823 1134 3889 adscribitur
1159 3845 1286 3889 nomen
1314 3823 1462 3910 Moysis,
1484 3822 1580 3888 cuius

256 3928 345 3994 nulli
360 3934 580 3996 recensentur
593 3929 677 3995 filii?
692 3929 767 3995 Filii
782 3928 899 4016 Moysis
905 3980 915 4013 ‚
937 3933 1072 3996 Gersam
1093 3937 1127 3996 et
1142 3929 1280 4009 Eliezer,
1298 3929 1334 3995 in
1349 3930 1581 3996 Pentateucho

257 4035 507 4124 quadamtenus
549 4034 764 4121 ignorantur.
801 4039 938 4103 (larsem
972 4041 1095 4124 Moyses
1130 4041 1269 4102 conatus
1304 4042 1369 4116 ast,
1403 4041 1469 4102 Deo
1511 4057 1583 4102 non

256 4149 415 4222 vocante,
432 4163 547 4208 seeum
566 4163 584 4208 e
605 4141 820 4208 Medionitide
837 4143 874 4208 in
894 4147 1087 4232 Aegyptum
1110 4141 1282 4209 deducere
1301 4147 1358 4209 Ex.
1384 4149 1482 4226 '4303
1499 4163 1581 4208 eun·

257 4247 335 4313 dem
355 4253 388 4312 et
406 4249 536 4314 Eliezer
561 4247 777 4337 postmodum
802 4253 857 4314 Ex.
885 4255 961 4330 18,3
984 4271 1058 4338 sqq.
1081 4248 1244 4316 suadente
1261 4248 1578 4337 lethronereeepit;

259 4354 418 4441 deinceps
440 4354 517 4420 silet
540 4354 582 4421 de
602 4354 672 4421 illis
693 4343 962 4436 Pentateuehus;
987 4377 1027 4420 ex
1047 4362 1064 4422 1
1088 4360 1162 4422 Par.
1193 4361 1294 4437 aete
1321 4378 1396 4444 sqq.
1419 4354 1581 4422 discimus

263 4459 397 4526 habitos
429 4481 500 4526 asse
529 4462 740 4550 reliquorum
774 4461 1008 4528 Caathitarum
1044 4460 1219 4550 aequales;
1246 4485 1359 4552 neque
1388 4461 1579 4551 quidquam

262 4565 426 4633 illustrius
445 4587 564 4632 eorum
586 4569 714 4656 posteri
740 4568 776 4633 in
800 4567 929 4656 populo
952 4565 1009 4634 Dei
1024 4589 1125 4653 egere
1141 4567 1229 4657 (iud.
1250 4571 1494 4646 18.3031Par.
1521 4573 1575 4648 26,

263 4680 304 4740 et
320 4673 424 4763 sqq).
449 4676 564 4761 Neque
585 4672 679 4740 dicas
701 4696 780 4740 oum
800 4677 905 4756 Men,
928 4674 1044 4760 Moysis
1065 4697 1189 4741 nomen
1211 4675 1290 4742 idco
1306 4676 1341 4741 h.
1365 4673 1389 4739 l.
1411 4671 1576 4756 adscribi,

264 4781 356 4870 quod
371 4781 443 4846 eius
462 4779 525 4845 filii
544 4802 575 4845 r.
598 4787 638 4847 ei
654 4779 876 4847 includantur
890 4781 1031 4847 nomine
1046 4782 1325 4849 amramitarum.
1348 4781 1458 4847 Verba
1474 4809 1490 4844 a
1512 4785 1579 4848 Hae
