3522 5410
728 431 804 476 uuu.
827 417 879 488 2,AE
901 433 963 484 soe.
1466 414 1504 474 15

188 578 292 628 unum
308 577 398 654 amp
418 562 620 630 coniunctae
640 562 720 629 item
751 563 915 651 leguntur
943 569 999 632 Ex.
1030 571 1148 646 27‚13;
1175 570 1288 644 38,13.
1316 588 1348 630 v.
1377 569 1433 630 t«
1460 567 1505 630 Et

188 670 298 737 omnis
314 669 355 735 de
373 668 480 757 stirpe
499 668 572 734 eius
590 690 724 736 memma
739 675 978 759 puqnantium
993 671 1214 762 septuaqinta
1229 685 1378 760 qrtatttm·
1390 670 1481 736 milli

187 777 340 844 sexcenti
353 804 384 841 s.
405 799 437 841 v.
455 782 475 841 5
500 803 515 836 «
535 778 637 842 letata
654 799 732 842 eum
747 778 982 844 castrametati
1000 791 1080 846 sunt
1098 806 1113 838 »
1131 817 1175 827 -
1195 789 1504 844 castrametentur:
1564 817 1565 822 1

187 884 277 950 hone
297 881 542 948 correctionem
563 881 669 948 semel
686 903 751 971 pro
771 905 908 974 semper
932 889 1065 952 notasse
1085 884 1232 950 sufficiat
1251 923 1294 932 —
1312 911 1327 945 κ
1349 883 1390 950 de
1414 886 1504 950 tribu
1587 917 1589 924 ·

187 988 350 1070 Issueltar,
368 1011 514 1078 quorum
525 988 685 1078 princeps
705 989 804 1077 [suit]
827 989 1042 1068 Nathanuel‚
1057 990 1152 1079 filius
1173 991 1266 1056 Suae
1289 1013 1324 1072 ³³3
1343 1013 1375 1056 v.
1401 997 1420 1056 6
1444 1017 1459 1051 u
1474 1003 1506 1056 et

188 1095 297 1162 omnis
318 1117 479 1162 numerus
492 1107 728 1185 puqnatorum
749 1098 820 1162 eius
839 1096 1096 1187 quinquaqinta
1118 1109 1270 1186 quatuor
1286 1095 1399 1162 millia
1422 1119 1508 1186 qua-

188 1201 363 1290 drinqenti
380 1229 409 1267 ».
427 1225 459 1267 v.
483 1208 534 1266 7«
561 1204 603 1268 ln
626 1201 717 1268 tribu
735 1203 888 1270 Zabulon
897 1205 1059 1294 princeps
1084 1203 1189 1290 [suit]
1209 1202 1312 1270 Eliab
1329 1203 1424 1292 filius
1439 1205 1507 1270 He-

189 1309 293 1389 lon'»;
311 1331 342 1374 v.
358 1315 409 1376 8«
427 1308 537 1374 omnis
552 1307 593 1374 de
606 1309 712 1398 stirpe
728 1309 803 1376 eius
818 1310 984 1377 eaereitus
993 1323 1230 1399 puqnatorum
1252 1310 1507 1400 quinquaqinta

188 1427 314 1504 septem
335 1414 448 1481 millia
464 1413 714 1506 quadrinqenti
736 1443 766 1482 s.
791 1437 824 1482 v.
851 1422 871 1482 9
895 1445 909 1477 s
932 1417 1100 1497 Universi,
1118 1417 1180 1507 qui
1203 1417 1240 1483 in
1264 1415 1383 1484 eastris
1401 1416 1508 1482 Iudae

186 1523 406 1588 annztmerati
415 1535 506 1608 stent,
523 1521 692 1611 [suerunt]
708 1534 843 1589 eentum
857 1523 1032 1612 octoqinta
1043 1546 1103 1590 sea
1115 1523 1228 1590 millia
1240 1522 1509 1613 qzmdrinqenti;

188 1641 221 1696 et
233 1651 296 1719 per
309 1641 439 1695 turmas
455 1627 646 1718 suasprimi
658 1629 880 1718 eqredientur
896 1657 925 1710 »‚
939 1630 1077 1720 quando
1092 1629 1195 1698 fuerit
1207 1629 1505 1720 proficiscendum.

667 1869 790 1916 Vexillum
805 1870 892 1917 Ruben
907 1883 930 1918 v.
945 1871 1026 1917 10-16.

234 2069 265 2112 v.
286 2053 325 2113 10
349 2077 364 2107 u
380 2047 421 2112 In
439 2046 559 2113 eastris
569 2045 725 2136 filiorum
741 2050 858 2114 Ruben
873 2047 920 2112 ad
933 2046 1164 2113 meridianam
1172 2046 1320 2136 plaqam
1335 2046 1400 2112 erit
1409 2046 1507 2135 prin-

189 2175 264 2242 ceps
279 2151 408 2234 Elisur,
424 2152 518 2234 fitius·
532 2151 663 2219 Sedeur
679 2173 714 2232 »3
732 2175 764 2220 v.
787 2159 825 2220 11
845 2181 859 2214 α
880 2165 912 2220 et
930 2166 1069 2220 etractus
1089 2153 1257 2220 eaereitus
1270 2165 1506 2242 pnqnatorum

191 2258 280 2341 eius,
299 2258 361 2346 qui
382 2259 557 2324 numerati
574 2258 667 2339 sun't,
694 2258 931 2349 quadraqinta
954 2282 1012 2327 sea
1027 2259 1141 2326 millia
1163 2258 1348 2348 quinqeuti
1368 2287 1397 2324 u.
1415 2281 1448 2324 v.
1468 2264 1508 2324 m

193 2391 210 2426 u
236 2367 341 2431 Iuata
363 2387 441 2430 eum
466 2364 699 2432 castrametati
719 2379 801 2431 sunt
820 2365 861 2431 de
883 2365 973 2431 tribu
1001 2365 1152 2448 Simeon,
1176 2388 1321 2455 quorum
1346 2364 1509 2454 princeps

190 2470 282 2559 [suit]
302 2469 487 2553 Salamiel,
506 2469 602 2560 filius
620 2469 827 2538 Surisaddai
845 2494 878 2554 »3
900 2495 933 2538 v.
953 2479 992 2538 13
1018 2484 1084 2537 «et
1104 2483 1246 2538 cunctus
1262 2471 1429 2537 euereitus
1441 2493 1510 2560 pu-

187 2590 374 2667 qnutorum
393 2577 477 2660 eius,
495 2578 558 2666 qui
579 2577 751 2644 numerati
773 2588 866 2658 sunt,
892 2577 1152 2668 quinquaqinta
1168 2599 1289 2644 novem
1314 2577 1427 2644 millia
1444 2589 1510 2642 tre-

190 2682 281 2750 eenti
297 2712 327 2750 s.
349 2707 382 2750 v.
405 2689 445 2750 11
468 2710 484 2744 u
507 2685 548 2750 in
568 2683 657 2750 tribu
681 2682 758 2752 Gad
765 2685 928 2774 princeps
943 2684 1042 2770 [fuit]
1058 2682 1237 2773 Eliasapit,
1252 2683 1349 2773 filius
1366 2683 1450 2750 Duel
1470 2704 1503 2760 »3

190 2814 224 2856 v.
241 2797 283 2857 15
302 2819 316 2850 ιι
336 2791 699 2857 eteunetuseuereitus
707 2802 947 2880 puqnatorum
959 2791 1043 2874 eius,
1057 2790 1118 2880 qui
1130 2790 1304 2858 mmmrati
1317 2803 1409 2871 sunt,
1426 2813 1511 2880 qua·
1539 2777 1540 2782 ¹

191 2896 355 2986 draqinta
372 2895 484 2963 millia
499 2897 651 2964 sementi
662 2897 922 2988 quinquaqinta
938 2925 969 2963 u.
984 2920 1018 2964 v.
1033 2903 1074 2964 16
1088 2925 1104 2959 «
1122 2898 1256 2978 Omnes,
1276 2897 1340 2988 qui
1353 2896 1510 2963 recensiti

186 3015 267 3074 sunt
287 3002 325 3069 in
340 3003 460 3070 eastris
478 3006 612 3088 Haben,
626 3017 761 3070 eentum
781 3004 1039 3094 quinquaqinta
1056 3003 1169 3072 millia
1184 3017 1217 3070 et
1232 3003 1327 3071 mille
1340 3003 1509 3094 quadrin-

192 3110 289 3198 qenti
300 3109 560 3199 quinquaqinta
565 3130 580 3194 ,·
586 3132 649 3200 per
663 3121 793 3176 turmas
808 3133 888 3177 suus
905 3108 1104 3176 insecundo
1121 3109 1192 3176 loeo
1206 3110 1464 3200 proficiscentur
1476 3139 1506 3176 r.

704 3349 806 3398 Levitae
819 3357 845 3397 et
860 3364 917 3398 area
930 3365 958 3397 v.
978 3351 1015 3396 17.

238 3552 269 3596 v.
290 3536 330 3595 17
352 3556 367 3588 «
391 3528 572 3594 Leoabitur
600 3539 716 3594 autem
740 3527 999 3593 tubernaculum
1021 3526 1213 3592 testimonii
1233 3549 1297 3616 per
1321 3525 1437 3614 officia
1465 3526 1511 3592 le-

196 3636 344 3702 vitarum
363 3647 394 3700 et
415 3645 545 3700 tuentes
571 3656 689 3700 eorum
710 3663 741 3699 s.
763 3637 866 3700 Hebe.
893 3655 907 3698 :
931 3645 963 3700 et
976 3632 1216 3723 proficiscetur
1234 3639 1310 3722 post
1326 3633 1511 3699 exereitum

196 3742 331 3823 Ruben,
377 3742 515 3830 quando
560 3741 626 3807 erit
664 3741 965 3830 proficiscendum,
1003 3738 1260 3807 tabernaculum
1306 3739 1510 3820 testimonii,

194 3862 304 3916 eastra
324 3848 522 3932 levitarum,
544 3848 580 3913 in
603 3847 715 3914 medio
731 3853 880 3936 quatuor
894 3859 1095 3915 castrorum.
1120 3875 1136 3907 u
1155 3845 1328 3927 Quomodo
1349 3845 1510 3934 eriqetur,

194 3941 291 4022 itaet
315 3954 514 4044 deponetur.
537 3952 679 4042 quuli
692 3977 757 4044 per
782 3953 857 4020 loea
877 3965 910 4020 et
939 3953 1075 4020 ordines
1098 3976 1175 4019 suos
1196 3951 1460 4044 proficiscentur
1481 3978 1511 4016 υ.

195 4063 295 4128 Hebr.
314 4083 326 4126 :
345 4061 458 4128 Sicuti
470 4061 507 4127 in
523 4061 644 4128 eastris
663 4073 761 4128 eraut
781 4060 952 4150 dispositi,
974 4059 1026 4126 ita
1041 4059 1311 4150 proficiscentur,
1329 4057 1512 4146 unusquis-

194 4190 260 4257 que
281 4189 382 4256 super
405 4189 546 4234 mantem
569 4189 685 4251 setam,
710 4205 754 4217 -
774 4169 796 4232 i.
820 4189 850 4234 e.
876 4167 913 4232 in
935 4167 1040 4234 latere
1064 4187 1125 4232 suo
1146 4172 1178 4232 et
1198 4166 1279 4230 hino
1304 4164 1340 4230 in
1362 4164 1434 4230 loeo
1450 4186 1512 4230 suo

197 4271 350 4364 (adult.)
378 4313 421 4322 -
446 4273 634 4340 seeundum
664 4273 792 4340 vexilla
816 4295 889 4340 sua
920 4273 1054 4340 Levitae
1085 4295 1125 4338 eo
1156 4270 1365 4338 adamussim
1392 4269 1512 4336 ordine

195 4379 464 4471 proficiscentur,
488 4403 555 4471 quo
576 4380 752 4448 incastris
776 4379 1021 4456 subsistebant,
1044 4399 1160 4446 aream
1181 4377 1346 4443 habentes
1364 4377 1511 4443 mediam

196 4509 339 4577 eamque
365 4486 518 4574 undique
545 4487 808 4554 circumdantes
831 4491 918 4573 Ergo
939 4485 1045 4552 eiiam
1066 4483 1189 4550 levitae
1211 4483 1388 4551 habebant
1407 4482 1520 4550 vesal-s

197 4594 284 4676 lum,
306 4593 385 4660 lieet
398 4591 485 4659 illud
504 4597 554 4660 Ps.
575 4598 645 4660 lon.
673 4614 742 4659 non
762 4593 898 4659 duxerit
916 4590 1192 4659 describendum.
1211 4592 1403 4658 Leviiarum
1419 4590 1512 4678 prin-

198 4723 278 4792 ceps
295 4708 344 4767 est
358 4699 429 4788 ipse
445 4699 557 4766 iahve.
