3522 5396
262 405 323 462 380
723 418 762 462 un
783 418 875 464 eunus
895 417 935 462 ro
958 417 1125 461 rannessa.

261 592 305 602 -
330 581 345 636 a
362 551 516 641 fitiorum
537 551 656 641 Ioseph
678 579 707 619 r.
730 550 885 620 intimius
911 552 1001 618 inter
1023 571 1058 617 se
1085 549 1322 636 iungebantur
1345 551 1528 617 Manassaei
1556 557 1593 618 et

261 657 493 750 Ephraimitae
508 658 552 724 ob
568 679 785 725 communem
800 680 840 724 ex
859 659 979 747 loseph
998 656 1184 742 originem.
1204 655 1263 722 uui
1278 654 1454 738 affinitati,
1472 657 1509 724 in
1526 680 1590 724 an-

260 765 366 854 gustis
385 765 454 830 suis
477 762 598 848 rebus,
623 763 696 831 sine
716 762 821 830 dubio
847 763 1050 830 insistebant
1070 760 1256 829 Manasseei
1276 765 1365 829 etin
1385 763 1449 829 boc
1465 765 1588 853 petito.

261 871 352 960 quod
366 868 524 959 familias
539 868 694 958 filiorum
710 869 828 959 Ioseph
845 868 1055 956 attingebat,
1074 867 1245 957 principes
1260 867 1411 936 filiorum
1423 870 1592 959 Ephraim

260 978 379 1065 utique
407 976 583 1044 hebebant
608 977 773 1060 fautores,
796 977 856 1066 qui
870 997 941 1043 non
956 980 1113 1065 poterant
1135 974 1256 1064 aequis
1280 973 1404 1041 animis
1429 975 1537 1055 ferre,
1553 983 1596 1042 ut

262 1083 398 1172 aliquae
429 1082 579 1152 filiorum
604 1084 725 1172 loseph
752 1083 980 1172 possessiones
1009 1081 1055 1147 ad
1079 1079 1226 1148 aliarum
1249 1079 1405 1148 tribuum
1430 1082 1595 1150 homines

262 1191 541 1256 transferrentur.
560 1193 648 1269 imo,
667 1187 763 1278 quod
785 1211 815 1255 v.
838 1196 857 1256 5
882 1194 1007 1276 Moyses
1026 1187 1119 1254 dicat
1133 1186 1224 1276 filios
1238 1185 1357 1276 Ioseplt
1381 1187 1469 1256 bene
1491 1186 1594 1255 locu-

262 1301 316 1362 tos
344 1317 433 1377 esse,
457 1294 612 1362 intulerit
639 1295 732 1384 quis,
758 1295 931 1386 principes
956 1292 1185 1383 Ephraimitas
1212 1315 1291 1360 curn
1322 1294 1522 1362 Manassaeis
1545 1295 1594 1361 ad

263 1423 342 1470 eum
366 1400 537 1492 supplices
559 1387 747 1468 accessisse.
778 1399 857 1468 Ideo
879 1405 1057 1492 praeterea
1079 1406 1116 1468 ut
1133 1399 1205 1488 filii
1228 1399 1346 1490 Ioseph
1375 1399 1414 1467 in
1437 1399 1595 1468 medium

264 1507 451 1597 prodeunt,
469 1508 552 1596 quia
571 1509 738 1575 memoria
754 1509 875 1597 loseph
891 1505 1040 1574 debebat
1055 1506 1216 1584 omnibus
1230 1505 1390 1575 israelitis
1409 1528 1480 1578 esse
1495 1529 1592 1574 cara.

266 1639 282 1674 a
305 1614 492 1702 Locutique
512 1625 593 1680 suut
613 1613 725 1700 Mopsi
740 1636 854 1680 coram
865 1610 1080 1702 principibus
1095 1611 1218 1696 lsrael,
1241 1623 1344 1702 atque
1360 1611 1527 1680 dicerunt
1546 1642 1562 1674 »
1583 1637 1593 1680 ε

263 1759 308 1770 -
323 1742 437 1786 eoram
453 1723 568 1806 Mopse
585 1741 597 1784 .·
612 1719 759 1809 petitum
778 1720 1020 1809 proponebant
1034 1726 1105 1785 tam
1120 1716 1221 1806 Moysi
1234 1740 1338 1807 quam
1357 1719 1593 1810 principibus,

264 1825 434 1915 capitibus
460 1826 712 1916 patroeeiarum
738 1825 891 1894 filiorum
919 1825 1041 1906 lsrael,
1064 1825 1155 1891 inter
1183 1847 1268 1914 quos
1294 1830 1393 1892 erant
1415 1825 1598 1916 principes

264 1930 496 2020 Ephraimitae
516 1939 551 1997 et
574 1931 749 2022 principes
767 1933 964 2014 Manassaei,
984 1933 1128 2022 quinon
1150 1936 1248 1998 erant
1268 1929 1311 1998 de
1333 1931 1412 1998 filiis
1429 1932 1559 1999 Galaad
1584 1955 1593 2000 :

263 2059 317 2105 res
340 2039 529 2128 patroecias
558 2038 730 2126 attingens
757 2060 874 2106 coram
901 2037 1071 2128 capitibus
1093 2036 1350 2128 patroeciarum
1377 2036 1597 2106 discutienda

264 2149 349 2210 erat.
369 2145 459 2210 LXX
472 2146 550 2233 Syr.
565 2143 765 2212 adscribunt
787 2145 1011 2226 Eleazarum,
1032 2141 1093 2210 sed
1108 2145 1136 2209 is
1150 2165 1235 2211 voce
1251 2143 1464 2233 principibus
1478 2144 1596 2211 inclu-

264 2250 426 2331 ditaret,
449 2251 528 2318 lieet
552 2251 745 2318 Levitarum
765 2251 880 2318 nullus
904 2256 1006 2332 aspa
1025 2272 1101 2339 sqq.
1116 2249 1323 2318 divisoribus
1341 2257 1452 2318 terrae
1472 2273 1597 2318 accen-

264 2362 391 2437 seatur,
416 2356 510 2446 quod
531 2356 625 2424 nullu
646 2356 768 2424 Levitis
789 2357 892 2424 fuerit
911 2361 1003 2423 terra
1023 2355 1274 2438 distribuenda,
1300 2362 1334 2424 at
1355 2357 1596 2446 quaestionem

263 2461 446 2529 iuridioarn
467 2467 566 2530 Num.
591 2469 634 2530 36
657 2485 729 2530 non
751 2463 895 2530 decebat
919 2462 1057 2530 decerni
1083 2461 1241 2530 inaudito
1264 2461 1424 2553 pontifice
1446 2503 1491 2514 -
1516 2486 1548 2530 v.
1574 2471 1597 2529 2

267 2598 281 2628 «
297 2568 369 2634 Tibi
384 2569 523 2636 domiuo
537 2582 652 2636 nostro
661 2569 837 2659 praecepit
846 2569 1025 2650 Dominus,
1036 2580 1074 2634 ut
1085 2581 1211 2635 terrum
1225 2581 1314 2636 sorte
1330 2568 1499 2637 divideres
1502 2569 1598 2656 filiis

256 2675 383 2758 lsrael,
403 2688 436 2740 et
457 2687 495 2740 ut
509 2676 648 2762 filiabus
666 2675 847 2766 Safpltaad
864 2676 987 2763 fratris
1002 2675 1110 2742 nostri
1125 2673 1224 2742 dares
1238 2675 1484 2764 possessiouem
1499 2674 1598 2742 deti-

255 2765 335 2845 'tam
353 2780 448 2869 putri
470 2807 499 2847 u.
520 2781 568 2847 Cf.
591 2787 691 2863 26‚53
717 2804 811 2872 sqq.;
835 2788 914 2862 erp
935 2802 1027 2870 sqq.;
1055 2788 1170 2862 33‚5t.
1189 2783 1290 2850 Hebr.
1315 2803 1328 2846 .·
1352 2781 1493 2848 domiuo
1513 2804 1598 2849 meo

263 2885 438 2952 mandavit
452 2886 597 2954 lahve...
616 2893 649 2952 et
665 2886 826 2955 dominus
838 2909 934 2955 meus
947 2888 1058 2954 iussus
1075 2887 1171 2954 estin
1188 2887 1301 2954 lehre.
1325 2889 1448 2978 Nequit
1469 2891 1594 2975 negari

263 2993 471 3061 constructio
485 3015 555 3059 esse
574 2994 661 3061 dura
678 3000 712 3061 et
728 2993 938 3084 inaequalis3
956 3016 1033 3062 cum
1050 3001 1166 3062 tamen
1179 2993 1331 3080 cogitata
1345 2995 1501 3062 enuntiet
1517 3017 1598 3084 pen

262 3120 365 3188 quam
389 3098 510 3188 plana,
542 3100 797 3168 assentiendum
827 3102 968 3167 fortasse
988 3103 1029 3168 A.
1062 3100 1187 3190 Geiper
1217 3099 1396 3188 tnrschrift
1419 3124 1452 3166 u.
1474 3123 1501 3167 s.
1528 3124 1595 3182 w.‚

261 3204 399 3272 Breslau
422 3211 519 3288 1857,
537 3229 572 3294 p.
591 3206 682 3295 330),
702 3213 831 3274 textum
856 3207 975 3273 leviter
993 3212 1165 3273 mutatum
1186 3228 1257 3273 esse
1278 3231 1298 3274 a
1320 3207 1509 3297 posteriore
1527 3207 1597 3273 ali-

262 3333 347 3400 quo,
370 3311 431 3400 qui
450 3318 625 3379 vereretur
641 3334 685 3377 ne
700 3299 776 3402 plus
797 3311 856 3379 ille
877 3314 978 3400 Moysi
1000 3335 1113 3402 neque
1134 3313 1217 3380 satis
1230 3312 1355 3380 lahvae
1371 3312 1526 3384 tribuere
1540 3313 1594 3380 vi-

261 3416 412 3498 deretur,
430 3424 630 3508 textumque
641 3419 801 3507 primitus
814 3417 973 3486 babuisse
987 3419 1073 3486 haec
1090 3443 1097 3484 :
1116 3417 1274 3486 dominus
1289 3441 1384 3486 meus
1400 3419 1540 3487 iussit...
1559 3427 1596 3486 et

261 3521 420 3590 dominus
440 3545 536 3590 meus
557 3523 663 3591 iussit.
684 3528 892 3593 Reverenter
914 3525 1111 3592 Galaaditae
1136 3529 1265 3613 Moysen
1289 3525 1341 3591 bis
1363 3523 1597 3614 alloquuntur

261 3626 398 3695 domiue
417 3630 480 3714 mi,
499 3653 570 3718 qua
590 3630 708 3698 eadem
730 3632 901 3698 reverenti
919 3631 1152 3721 appellatione
1173 3638 1288 3712 3235.
1307 3637 1348 3696 37
1365 3637 1509 3698 utuntur
1526 3637 1595 3698 Ga-

259 3732 352 3800 ditae
367 3743 401 3800 et
415 3735 621 3818 imbonitas,
639 3736 699 3803 ubi
713 3737 852 3805 tandem
869 3739 1055 3827 petitorum
1068 3744 1202 3827 partem
1219 3736 1372 3827 aliquam
1388 3737 1481 3804 nacti
1495 3746 1593 3806 sunt.

259 3863 291 3907 v.
308 3847 327 3906 3
342 3869 357 3902 r
373 3843 464 3922 Quas
479 3842 509 3906 si
523 3841 666 3908 alterius
677 3842 786 3910 tribus
802 3843 953 3924 homiues
967 3866 1090 3910 errores
1110 3843 1320 3933 acceperint,
1337 3859 1500 3934 sequetur
1508 3867 1596 3934 pos-

257 3947 360 4024 sessio
375 3971 436 4014 sua
443 4001 453 4032 ,
472 3961 504 4014 et
520 3950 689 4015 translata
704 3949 752 4015 ad
765 3950 873 4016 aliam
888 3949 1014 4016 tribum
1031 3949 1072 4016 de
1089 3963 1206 4017 uestra
1223 3949 1434 4018 haereditate
1455 3950 1594 4018 urinae·

258 4065 314 4118 tur
331 4080 361 4120 ».
379 4053 573 4122 Distinctius
593 4058 693 4122 Hebr.
714 4077 727 4121 .·
742 4068 774 4121 et
791 4055 989 4122 detrahetur
997 4056 1165 4146 possessio
1181 4079 1299 4124 earum
1320 4055 1361 4124 de
1377 4057 1595 4146 possessione

254 4160 508 4248 patroeeiarum
518 4173 725 4243 uestrarum,
740 4173 773 4227 et
785 4161 972 4228 adiicietur
979 4163 1185 4252 possessioni
1200 4162 1319 4244 tribus,
1333 4161 1381 4229 art
1395 4163 1598 4254 quamillae

256 4265 493 4354 pertinebunt,
512 4281 544 4333 et
563 4267 605 4334 de
625 4281 713 4334 sorte
731 4268 954 4356 possessionis
972 4281 1108 4335 nostrae
1130 4267 1338 4336 detrahetur.
1357 4291 1389 4334 v.
1409 4273 1427 4335 t
1444 4297 1461 4330 a
1478 4271 1597 4359 Atque

260 4371 309 4437 ita
321 4370 398 4459 siet,
417 4383 471 4454 ut,
490 4395 565 4439 erem
585 4373 771 4460 iubilaeus,
789 4374 827 4465 [i.
846 4398 875 4441 e.
893 4375 1204 4466 qrriuquapesimus
1221 4397 1333 4442 aaurrs
1349 4373 1595 4463 remissionisJ,

258 4476 433 4544 advenerit
449 4507 464 4540 »
477 4479 563 4568 filiis
579 4479 700 4566 Israel,
720 4507 736 4542 «
752 4481 985 4568 eorrfrmdatur
1003 4481 1146 4548 sortium
1161 4481 1374 4567 distributio,
1393 4495 1425 4548 et
1438 4481 1596 4549 aliorum

254 4586 421 4672 possessio
435 4584 482 4651 ad
495 4585 583 4653 alios
596 4598 749 4653 transeat
764 4615 793 4655 ».
808 4591 896 4654 Haec
911 4587 1054 4655 liberius
1070 4593 1148 4654 sunt
1169 4610 1264 4655 versa
1281 4613 1287 4657 :
1306 4587 1449 4678 arrqebit
1457 4611 1597 4677 posses·

258 4691 308 4758 sio
324 4713 443 4758 earum
456 4691 699 4782 possessiouem
720 4693 842 4776 tribus,
858 4693 906 4760 ad
924 4717 1027 4783 quam
1040 4694 1281 4783 pertinebunt,
1299 4707 1331 4761 et
1343 4717 1365 4761 a
1376 4695 1599 4784 possessio-ne

259 4795 368 4864 tribus
379 4800 634 4886 patroeeiarum
647 4811 841 4867 uestrarum
862 4799 1060 4867 detrahetur
1072 4802 1236 4890 possessio
1253 4823 1384 4874 earum.
