<?xml version="1.0" encoding="UTF-8"?>
<!DOCTYPE html PUBLIC "-//W3C//DTD XHTML 1.0 Transitional//EN"
    "http://www.w3.org/TR/xhtml1/DTD/xhtml1-transitional.dtd">
<html xmlns="http://www.w3.org/1999/xhtml" xml:lang="en" lang="en">
 <head>
  <title>
</title>
<meta http-equiv="Content-Type" content="text/html;charset=utf-8" />
  <meta name='ocr-system' content='tesseract 3.04.00' />
  <meta name='ocr-capabilities' content='ocr_page ocr_carea ocr_par ocr_line ocrx_word'/>
</head>
<body>
  <div class='ocr_page' id='page_1' title='image "./commentariusinn00hummgoog_0390.png"; bbox 0 0 3554 5406; ppageno 0'>
   <div class='ocr_carea' id='block_1_1' title="bbox 0 118 2 888">
    <p class='ocr_par' dir='ltr' id='par_1_1' title="bbox 0 118 2 888">
     <span class='ocr_line' id='line_1_1' title="bbox 0 118 2 888; baseline 0 0"><span class='ocrx_word' id='word_1_1' title='bbox 0 118 2 888; x_wconf 95' lang='lat' dir='ltr'><em> </em></span> 
     </span>
    </p>
   </div>
   <div class='ocr_carea' id='block_1_2' title="bbox 692 393 1495 486">
    <p class='ocr_par' dir='ltr' id='par_1_2' title="bbox 692 393 1495 486">
     <span class='ocr_line' id='line_1_2' title="bbox 692 393 1495 486; baseline 0.001 -13"><span class='ocrx_word' id='word_1_2' title='bbox 692 431 767 476; x_wconf 76' lang='lat' dir='ltr'><em>rus.</em></span> <span class='ocrx_word' id='word_1_3' title='bbox 792 416 883 486; x_wconf 70' lang='lat' dir='ltr'><em>esee</em></span> <span class='ocrx_word' id='word_1_4' title='bbox 906 432 968 484; x_wconf 70' lang='lat'><em>⁵00.</em></span> <span class='ocrx_word' id='word_1_5' title='bbox 1290 393 1292 400; x_wconf 79' lang='grc'>’</span> <span class='ocrx_word' id='word_1_6' title='bbox 1432 417 1495 474; x_wconf 77' lang='lat' dir='ltr'><em>sir</em></span> 
     </span>
    </p>
   </div>
   <div class='ocr_carea' id='block_1_3' title="bbox 167 563 1589 4475">
    <p class='ocr_par' dir='ltr' id='par_1_3' title="bbox 167 563 1589 4475">
     <span class='ocr_line' id='line_1_3' title="bbox 170 563 1496 653; baseline 0.002 -24"><span class='ocrx_word' id='word_1_7' title='bbox 170 563 249 630; x_wconf 89' lang='lat' dir='ltr'><em>odio</em></span> <span class='ocrx_word' id='word_1_8' title='bbox 263 563 395 653; x_wconf 85' lang='lat' dir='ltr'><em>pulerit</em></span> <span class='ocrx_word' id='word_1_9' title='bbox 411 585 488 628; x_wconf 89' lang='lat' dir='ltr'><em>eum</em></span> <span class='ocrx_word' id='word_1_10' title='bbox 501 583 605 631; x_wconf 85' lang='lat' dir='ltr'><em>manu</em></span> <span class='ocrx_word' id='word_1_11' title='bbox 626 566 668 650; x_wconf 87' lang='lat' dir='ltr'><em>(r.</em></span> <span class='ocrx_word' id='word_1_12' title='bbox 687 565 756 650; x_wconf 65' lang='grc' dir='ltr'><em>ΞΟ),</em></span> <span class='ocrx_word' id='word_1_13' title='bbox 774 577 836 631; x_wconf 93' lang='lat' dir='ltr'><em>aut</em></span> <span class='ocrx_word' id='word_1_14' title='bbox 856 563 989 631; x_wconf 80' lang='lat' dir='ltr'><em>miserit</em></span> <span class='ocrx_word' id='word_1_15' title='bbox 1009 564 1046 630; x_wconf 86' lang='lat' dir='ltr'><em>in</em></span> <span class='ocrx_word' id='word_1_16' title='bbox 1066 585 1142 632; x_wconf 90' lang='lat' dir='ltr'><em>eam</em></span> <span class='ocrx_word' id='word_1_17' title='bbox 1164 587 1262 650; x_wconf 87' lang='lat' dir='ltr'><em>omne</em></span> <span class='ocrx_word' id='word_1_18' title='bbox 1283 566 1496 634; x_wconf 84' lang='lat' dir='ltr'><em>instrumen-</em></span> 
     </span>
     <span class='ocr_line' id='line_1_4' title="bbox 168 667 1493 762; baseline 0.002 -26"><span class='ocrx_word' id='word_1_19' title='bbox 168 683 257 750; x_wconf 86' lang='lat' dir='ltr'><em>tum,</em></span> <span class='ocrx_word' id='word_1_20' title='bbox 275 667 419 736; x_wconf 88' lang='lat' dir='ltr'><em>sednon</em></span> <span class='ocrx_word' id='word_1_21' title='bbox 433 692 475 736; x_wconf 83' lang='lat' dir='ltr'><em>er</em></span> <span class='ocrx_word' id='word_1_22' title='bbox 493 669 643 752; x_wconf 87' lang='lat' dir='ltr'><em>insidiis,</em></span> <span class='ocrx_word' id='word_1_23' title='bbox 664 681 726 738; x_wconf 90' lang='lat' dir='ltr'><em>aut</em></span> <span class='ocrx_word' id='word_1_24' title='bbox 741 692 875 738; x_wconf 90' lang='lat' dir='ltr'><em>omnem</em></span> <span class='ocrx_word' id='word_1_25' title='bbox 892 670 1057 762; x_wconf 78' lang='lat' dir='ltr'><em>lapidem,</em></span> <span class='ocrx_word' id='word_1_26' title='bbox 1075 693 1253 762; x_wconf 83' lang='lat' dir='ltr'><em>perquem</em></span> <span class='ocrx_word' id='word_1_27' title='bbox 1269 674 1345 761; x_wconf 84' lang='lat' dir='ltr'><em>quis</em></span> <span class='ocrx_word' id='word_1_28' title='bbox 1362 673 1493 739; x_wconf 88' lang='lat' dir='ltr'><em>moria-</em></span> 
     </span>
     <span class='ocr_line' id='line_1_5' title="bbox 169 775 1493 870; baseline 0.001 -26"><span class='ocrx_word' id='word_1_29' title='bbox 169 788 236 860; x_wconf 87' lang='lat' dir='ltr'><em>tur,</em></span> <span class='ocrx_word' id='word_1_30' title='bbox 263 799 341 843; x_wconf 90' lang='lat' dir='ltr'><em>cum</em></span> <span class='ocrx_word' id='word_1_31' title='bbox 365 798 435 842; x_wconf 87' lang='lat' dir='ltr'><em>non</em></span> <span class='ocrx_word' id='word_1_32' title='bbox 456 775 583 844; x_wconf 88' lang='lat' dir='ltr'><em>viderit</em></span> <span class='ocrx_word' id='word_1_33' title='bbox 604 799 681 843; x_wconf 90' lang='lat' dir='ltr'><em>eum</em></span> <span class='ocrx_word' id='word_1_34' title='bbox 706 781 958 860; x_wconf 80' lang='lat' dir='ltr'><strong>transeuntem,</strong></span> <span class='ocrx_word' id='word_1_35' title='bbox 976 777 1093 870; x_wconf 84' lang='lat' dir='ltr'><em>itaque</em></span> <span class='ocrx_word' id='word_1_36' title='bbox 1117 777 1280 844; x_wconf 88' lang='lat' dir='ltr'><em>inciderit</em></span> <span class='ocrx_word' id='word_1_37' title='bbox 1303 779 1339 843; x_wconf 87' lang='lat' dir='ltr'><em>in</em></span> <span class='ocrx_word' id='word_1_38' title='bbox 1361 801 1439 846; x_wconf 91' lang='lat' dir='ltr'><em>eum</em></span> <span class='ocrx_word' id='word_1_39' title='bbox 1459 793 1493 845; x_wconf 86' lang='lat' dir='ltr'><em>et</em></span> 
     </span>
     <span class='ocr_line' id='line_1_6' title="bbox 167 881 1494 975; baseline 0.002 -25"><span class='ocrx_word' id='word_1_40' title='bbox 167 895 324 950; x_wconf 88' lang='lat' dir='ltr'><em>mortuus</em></span> <span class='ocrx_word' id='word_1_41' title='bbox 344 882 407 963; x_wconf 85' lang='lat' dir='ltr'><em>sit,</em></span> <span class='ocrx_word' id='word_1_42' title='bbox 429 881 481 949; x_wconf 88' lang='lat' dir='ltr'><em>lu&#39;c</em></span> <span class='ocrx_word' id='word_1_43' title='bbox 501 905 571 949; x_wconf 88' lang='lat' dir='ltr'><em>non</em></span> <span class='ocrx_word' id='word_1_44' title='bbox 589 906 668 949; x_wconf 84' lang='lat' dir='ltr'><em>eum</em></span> <span class='ocrx_word' id='word_1_45' title='bbox 687 883 767 950; x_wconf 90' lang='lat' dir='ltr'><em>odio</em></span> <span class='ocrx_word' id='word_1_46' title='bbox 789 883 911 950; x_wconf 78' lang='lat' dir='ltr'><em>babuit</em></span> <span class='ocrx_word' id='word_1_47' title='bbox 933 907 1044 975; x_wconf 83' lang='lat' dir='ltr'><em>neque</em></span> <span class='ocrx_word' id='word_1_48' title='bbox 1064 883 1318 952; x_wconf 83' lang='lat' dir='ltr'><em>insidiatuscst</em></span> <span class='ocrx_word' id='word_1_49' title='bbox 1331 885 1494 974; x_wconf 76' lang='lat' dir='ltr'><em>prosimu</em></span> 
     </span>
     <span class='ocr_line' id='line_1_7' title="bbox 167 988 1492 1082; baseline 0 -24"><span class='ocrx_word' id='word_1_50' title='bbox 167 1012 228 1058; x_wconf 88' lang='lat' dir='ltr'><em>suo</em></span> <span class='ocrx_word' id='word_1_51' title='bbox 255 1013 351 1055; x_wconf 90' lang='lat' dir='ltr'><em>-·v.</em></span> <span class='ocrx_word' id='word_1_52' title='bbox 378 995 420 1058; x_wconf 68' lang='lat' dir='ltr'><em>it</em></span> <span class='ocrx_word' id='word_1_53' title='bbox 444 1015 460 1050; x_wconf 92' lang='lat'>«</span> <span class='ocrx_word' id='word_1_54' title='bbox 486 1001 519 1056; x_wconf 90' lang='lat' dir='ltr'><em>et</em></span> <span class='ocrx_word' id='word_1_55' title='bbox 546 988 608 1056; x_wconf 79' lang='lat' dir='ltr'><em>boc</em></span> <span class='ocrx_word' id='word_1_56' title='bbox 632 989 792 1057; x_wconf 76' lang='lat' dir='ltr'><em>audiente</em></span> <span class='ocrx_word' id='word_1_57' title='bbox 810 989 938 1081; x_wconf 86' lang='lat' dir='ltr'><em>populo</em></span> <span class='ocrx_word' id='word_1_58' title='bbox 960 990 1068 1079; x_wconf 74' lang='lat' dir='ltr'><em>fuerit</em></span> <span class='ocrx_word' id='word_1_59' title='bbox 1093 993 1368 1080; x_wconf 71' lang='lat' dir='ltr'><em>conprobatum,</em></span> <span class='ocrx_word' id='word_1_60' title='bbox 1389 1001 1492 1082; x_wconf 83' lang='lat' dir='ltr'><em>atque</em></span> 
     </span>
     <span class='ocr_line' id='line_1_8' title="bbox 168 1095 1493 1187; baseline 0.002 -24"><span class='ocrx_word' id='word_1_61' title='bbox 168 1099 257 1163; x_wconf 88' lang='lat' dir='ltr'><em>inter</em></span> <span class='ocrx_word' id='word_1_62' title='bbox 268 1117 504 1186; x_wconf 79' lang='lat' dir='ltr'><em>percussorem</em></span> <span class='ocrx_word' id='word_1_63' title='bbox 517 1108 549 1163; x_wconf 89' lang='lat' dir='ltr'><em>et</em></span> <span class='ocrx_word' id='word_1_64' title='bbox 561 1095 801 1187; x_wconf 83' lang='lat' dir='ltr'><em>propinquam</em></span> <span class='ocrx_word' id='word_1_65' title='bbox 819 1097 1003 1186; x_wconf 74' lang='lat' dir='ltr'><em>sanquinis</em></span> <span class='ocrx_word' id='word_1_66' title='bbox 1024 1097 1177 1187; x_wconf 77' lang='lat' dir='ltr'><em>quaestio</em></span> <span class='ocrx_word' id='word_1_67' title='bbox 1198 1096 1363 1164; x_wconf 85' lang='lat' dir='ltr'><em>ventilata</em></span> <span class='ocrx_word' id='word_1_68' title='bbox 1381 1127 1396 1158; x_wconf 74' lang='lat' dir='ltr'><em>n</em></span> <span class='ocrx_word' id='word_1_69' title='bbox 1421 1118 1427 1166; x_wconf 93' lang='lat'>:</span> <span class='ocrx_word' id='word_1_70' title='bbox 1448 1138 1493 1152; x_wconf 78' lang='lat'><strong>—</strong></span> 
     </span>
     <span class='ocr_line' id='line_1_9' title="bbox 170 1200 1494 1297; baseline 0.001 -27"><span class='ocrx_word' id='word_1_71' title='bbox 170 1202 306 1293; x_wconf 82' lang='lat' dir='ltr'><em>planius</em></span> <span class='ocrx_word' id='word_1_72' title='bbox 322 1203 423 1269; x_wconf 84' lang='lat' dir='ltr'><em>chr.</em></span> <span class='ocrx_word' id='word_1_73' title='bbox 443 1223 454 1268; x_wconf 93' lang='grc'><em>.·</em></span> <span class='ocrx_word' id='word_1_74' title='bbox 471 1200 640 1269; x_wconf 86' lang='lat' dir='ltr'><em>iudicium</em></span> <span class='ocrx_word' id='word_1_75' title='bbox 656 1202 812 1270; x_wconf 79' lang='lat' dir='ltr'><em>instituet</em></span> <span class='ocrx_word' id='word_1_76' title='bbox 827 1203 969 1270; x_wconf 89' lang='lat' dir='ltr'><em>ecclesio</em></span> <span class='ocrx_word' id='word_1_77' title='bbox 983 1205 1073 1274; x_wconf 88' lang='lat' dir='ltr'><em>inter</em></span> <span class='ocrx_word' id='word_1_78' title='bbox 1090 1205 1270 1297; x_wconf 72' lang='lat' dir='ltr'><em>occisorem</em></span> <span class='ocrx_word' id='word_1_79' title='bbox 1284 1216 1317 1271; x_wconf 92' lang='lat' dir='ltr'><em>et</em></span> <span class='ocrx_word' id='word_1_80' title='bbox 1333 1205 1421 1271; x_wconf 89' lang='lat' dir='ltr'><em>inter</em></span> <span class='ocrx_word' id='word_1_81' title='bbox 1441 1228 1494 1271; x_wconf 90' lang='lat' dir='ltr'><em>re-</em></span> 
     </span>
     <span class='ocr_line' id='line_1_10' title="bbox 170 1297 1494 1399; baseline 0.002 -25"><span class='ocrx_word' id='word_1_82' title='bbox 170 1297 380 1399; x_wconf 84' lang='lat' dir='ltr'><em>demptorem</em></span> <span class='ocrx_word' id='word_1_83' title='bbox 395 1309 579 1398; x_wconf 69' lang='lat' dir='ltr'><em>sanquinis</em></span> <span class='ocrx_word' id='word_1_84' title='bbox 593 1331 695 1399; x_wconf 87' lang='lat' dir='ltr'><em>super</em></span> <span class='ocrx_word' id='word_1_85' title='bbox 710 1332 815 1377; x_wconf 89' lang='lat' dir='ltr'><em>causa</em></span> <span class='ocrx_word' id='word_1_86' title='bbox 828 1311 893 1378; x_wconf 84' lang='lat' dir='ltr'><em>bac</em></span> <span class='ocrx_word' id='word_1_87' title='bbox 907 1350 952 1359; x_wconf 90' lang='lat'>—</span> <span class='ocrx_word' id='word_1_88' title='bbox 967 1334 999 1376; x_wconf 88' lang='lat' dir='ltr'><em>v.</em></span> <span class='ocrx_word' id='word_1_89' title='bbox 1021 1317 1063 1379; x_wconf 75' lang='lat' dir='ltr'><em>is</em></span> <span class='ocrx_word' id='word_1_90' title='bbox 1082 1338 1098 1373; x_wconf 89' lang='lat'>«</span> <span class='ocrx_word' id='word_1_91' title='bbox 1116 1309 1319 1378; x_wconf 69' lang='lat' dir='ltr'><em>liberabittu’</em></span> <span class='ocrx_word' id='word_1_92' title='bbox 1331 1311 1494 1378; x_wconf 87' lang='lat' dir='ltr'><em>innocens</em></span> 
     </span>
     <span class='ocr_line' id='line_1_11' title="bbox 168 1415 1499 1507; baseline 0.003 -27"><span class='ocrx_word' id='word_1_93' title='bbox 168 1415 210 1481; x_wconf 91' lang='lat' dir='ltr'><em>de</em></span> <span class='ocrx_word' id='word_1_94' title='bbox 240 1415 365 1481; x_wconf 89' lang='lat' dir='ltr'><em>ultoris</em></span> <span class='ocrx_word' id='word_1_95' title='bbox 389 1437 509 1494; x_wconf 89' lang='lat' dir='ltr'><em>mona,</em></span> <span class='ocrx_word' id='word_1_96' title='bbox 534 1428 567 1481; x_wconf 92' lang='lat' dir='ltr'><em>et</em></span> <span class='ocrx_word' id='word_1_97' title='bbox 588 1415 771 1484; x_wconf 84' lang='lat' dir='ltr'><em>reducetur</em></span> <span class='ocrx_word' id='word_1_98' title='bbox 790 1439 853 1506; x_wconf 87' lang='lat' dir='ltr'><em>per</em></span> <span class='ocrx_word' id='word_1_99' title='bbox 874 1417 1079 1484; x_wconf 86' lang='lat' dir='ltr'><em>sententiam</em></span> <span class='ocrx_word' id='word_1_100' title='bbox 1104 1417 1139 1483; x_wconf 89' lang='lat' dir='ltr'><em>in</em></span> <span class='ocrx_word' id='word_1_101' title='bbox 1164 1418 1296 1502; x_wconf 86' lang='lat' dir='ltr'><em>urbem,</em></span> <span class='ocrx_word' id='word_1_102' title='bbox 1321 1416 1368 1484; x_wconf 91' lang='lat' dir='ltr'><em>ad</em></span> <span class='ocrx_word' id='word_1_103' title='bbox 1390 1441 1499 1507; x_wconf 81' lang='lat' dir='ltr'><em>quam</em></span> 
     </span>
     <span class='ocr_line' id='line_1_12' title="bbox 167 1522 1498 1614; baseline 0.002 -27"><span class='ocrx_word' id='word_1_104' title='bbox 167 1522 386 1611; x_wconf 71' lang='lat' dir='ltr'><em>eonsceperot,</em></span> <span class='ocrx_word' id='word_1_105' title='bbox 405 1523 621 1611; x_wconf 83' lang='lat' dir='ltr'><em>manebitque</em></span> <span class='ocrx_word' id='word_1_106' title='bbox 637 1523 701 1608; x_wconf 85' lang='lat' dir='ltr'><em>ibi,</em></span> <span class='ocrx_word' id='word_1_107' title='bbox 722 1522 828 1589; x_wconf 86' lang='lat' dir='ltr'><em>donec</em></span> <span class='ocrx_word' id='word_1_108' title='bbox 846 1522 1004 1590; x_wconf 82' lang='lat' dir='ltr'><em>sacerdos</em></span> <span class='ocrx_word' id='word_1_109' title='bbox 1023 1545 1186 1613; x_wconf 80' lang='lat' dir='ltr'><em>maqmcs,</em></span> <span class='ocrx_word' id='word_1_110' title='bbox 1206 1523 1268 1614; x_wconf 85' lang='lat' dir='ltr'><em>qui</em></span> <span class='ocrx_word' id='word_1_111' title='bbox 1289 1523 1361 1590; x_wconf 87' lang='lat' dir='ltr'><em>oleo</em></span> <span class='ocrx_word' id='word_1_112' title='bbox 1376 1538 1498 1591; x_wconf 89' lang='lat' dir='ltr'><em>sancto</em></span> 
     </span>
     <span class='ocr_line' id='line_1_13' title="bbox 168 1627 1495 1721; baseline 0.004 -28"><span class='ocrx_word' id='word_1_113' title='bbox 168 1640 289 1695; x_wconf 90' lang='lat' dir='ltr'><em>unctus</em></span> <span class='ocrx_word' id='word_1_114' title='bbox 302 1640 367 1713; x_wconf 86' lang='lat' dir='ltr'><em>est,</em></span> <span class='ocrx_word' id='word_1_115' title='bbox 386 1627 557 1694; x_wconf 87' lang='lat' dir='ltr'><em>moriatur</em></span> <span class='ocrx_word' id='word_1_116' title='bbox 572 1655 604 1695; x_wconf 81' lang='lat' dir='ltr'><em>n.</em></span> <span class='ocrx_word' id='word_1_117' title='bbox 622 1633 735 1696; x_wconf 83' lang='lat' dir='ltr'><em>Potest</em></span> <span class='ocrx_word' id='word_1_118' title='bbox 751 1651 828 1696; x_wconf 89' lang='lat' dir='ltr'><em>eum</em></span> <span class='ocrx_word' id='word_1_119' title='bbox 851 1632 940 1698; x_wconf 83' lang='lat' dir='ltr'><em>lans.</em></span> <span class='ocrx_word' id='word_1_120' title='bbox 960 1631 1115 1713; x_wconf 82' lang='lat' dir='ltr'><em>admitti,</em></span> <span class='ocrx_word' id='word_1_121' title='bbox 1138 1631 1264 1721; x_wconf 86' lang='lat' dir='ltr'><em>duplex</em></span> <span class='ocrx_word' id='word_1_122' title='bbox 1282 1630 1384 1697; x_wconf 86' lang='lat' dir='ltr'><em>tuisse</em></span> <span class='ocrx_word' id='word_1_123' title='bbox 1401 1630 1495 1698; x_wconf 89' lang='lat' dir='ltr'><em>iudi-</em></span> 
     </span>
     <span class='ocr_line' id='line_1_14' title="bbox 167 1734 1493 1826; baseline 0.001 -25"><span class='ocrx_word' id='word_1_124' title='bbox 167 1734 275 1818; x_wconf 88' lang='lat' dir='ltr'><em>cium,</em></span> <span class='ocrx_word' id='word_1_125' title='bbox 305 1734 457 1824; x_wconf 88' lang='lat' dir='ltr'><em>primum</em></span> <span class='ocrx_word' id='word_1_126' title='bbox 480 1737 655 1802; x_wconf 87' lang='lat' dir='ltr'><em>seniorum</em></span> <span class='ocrx_word' id='word_1_127' title='bbox 687 1735 832 1802; x_wconf 79' lang='lat' dir='ltr'><em>civitatis</em></span> <span class='ocrx_word' id='word_1_128' title='bbox 860 1736 1002 1824; x_wconf 84' lang='lat' dir='ltr'><em>refugii,</em></span> <span class='ocrx_word' id='word_1_129' title='bbox 1033 1758 1102 1826; x_wconf 91' lang='lat' dir='ltr'><em>quo</em></span> <span class='ocrx_word' id='word_1_130' title='bbox 1128 1736 1333 1804; x_wconf 88' lang='lat' dir='ltr'><em>definiretur</em></span> <span class='ocrx_word' id='word_1_131' title='bbox 1361 1743 1493 1804; x_wconf 83' lang='lat' dir='ltr'><em>essetne</em></span> 
     </span>
     <span class='ocr_line' id='line_1_15' title="bbox 167 1840 1493 1928; baseline 0.001 -21"><span class='ocrx_word' id='word_1_132' title='bbox 167 1841 306 1907; x_wconf 90' lang='lat' dir='ltr'><em>omnino</em></span> <span class='ocrx_word' id='word_1_133' title='bbox 333 1842 462 1907; x_wconf 90' lang='lat' dir='ltr'><em>occisor</em></span> <span class='ocrx_word' id='word_1_134' title='bbox 486 1842 523 1906; x_wconf 87' lang='lat' dir='ltr'><em>in</em></span> <span class='ocrx_word' id='word_1_135' title='bbox 550 1840 725 1908; x_wconf 81' lang='lat' dir='ltr'><em>civitatem</em></span> <span class='ocrx_word' id='word_1_136' title='bbox 757 1840 886 1928; x_wconf 82' lang='lat' dir='ltr'><em>refugii</em></span> <span class='ocrx_word' id='word_1_137' title='bbox 917 1841 1167 1924; x_wconf 55' lang='lat' dir='ltr'><em>admittendum</em></span> <span class='ocrx_word' id='word_1_138' title='bbox 1199 1842 1347 1910; x_wconf 80' lang='lat' dir='ltr'><em>alterum</em></span> <span class='ocrx_word' id='word_1_139' title='bbox 1379 1864 1493 1911; x_wconf 84' lang='lat' dir='ltr'><em>corum</em></span> 
     </span>
     <span class='ocr_line' id='line_1_16' title="bbox 167 1947 1493 2038; baseline 0.001 -24"><span class='ocrx_word' id='word_1_140' title='bbox 167 1947 372 2036; x_wconf 85' lang='lat' dir='ltr'><em>propinquis</em></span> <span class='ocrx_word' id='word_1_141' title='bbox 386 1947 645 2017; x_wconf 81' lang='lat' dir='ltr'><em>accusatoribus</em></span> <span class='ocrx_word' id='word_1_142' title='bbox 662 1947 710 2036; x_wconf 85' lang='lat' dir='ltr'><em>(v.</em></span> <span class='ocrx_word' id='word_1_143' title='bbox 725 1948 802 2036; x_wconf 80' lang='lat' dir='ltr'><em>rt);</em></span> <span class='ocrx_word' id='word_1_144' title='bbox 826 1947 1028 2034; x_wconf 80' lang='lat' dir='ltr'><em>ambigitur,</em></span> <span class='ocrx_word' id='word_1_145' title='bbox 1051 1971 1120 2038; x_wconf 90' lang='lat' dir='ltr'><em>quo</em></span> <span class='ocrx_word' id='word_1_146' title='bbox 1135 1947 1250 2017; x_wconf 91' lang='lat' dir='ltr'><em>iudice</em></span> <span class='ocrx_word' id='word_1_147' title='bbox 1266 1949 1333 2016; x_wconf 90' lang='lat' dir='ltr'><em>hoe</em></span> <span class='ocrx_word' id='word_1_148' title='bbox 1348 1950 1493 2017; x_wconf 80' lang='lat' dir='ltr'><em>alterum</em></span> 
     </span>
     <span class='ocr_line' id='line_1_17' title="bbox 167 2051 1495 2143; baseline 0.002 -24"><span class='ocrx_word' id='word_1_149' title='bbox 167 2052 334 2119; x_wconf 88' lang='lat' dir='ltr'><em>iudicium</em></span> <span class='ocrx_word' id='word_1_150' title='bbox 351 2052 511 2119; x_wconf 83' lang='lat' dir='ltr'><em>habitum</em></span> <span class='ocrx_word' id='word_1_151' title='bbox 525 2051 579 2120; x_wconf 89' lang='lat' dir='ltr'><em>sit.</em></span> <span class='ocrx_word' id='word_1_152' title='bbox 597 2057 637 2119; x_wconf 83' lang='lat' dir='ltr'><em>nt</em></span> <span class='ocrx_word' id='word_1_153' title='bbox 654 2052 730 2121; x_wconf 84' lang='lat' dir='ltr'><em>Gai.</em></span> <span class='ocrx_word' id='word_1_154' title='bbox 747 2053 888 2143; x_wconf 89' lang='lat' dir='ltr'><em>quidem</em></span> <span class='ocrx_word' id='word_1_155' title='bbox 903 2060 1016 2120; x_wconf 89' lang='lat' dir='ltr'><em>censet</em></span> <span class='ocrx_word' id='word_1_156' title='bbox 1030 2054 1189 2121; x_wconf 80' lang='lat' dir='ltr'><em>habitum</em></span> <span class='ocrx_word' id='word_1_157' title='bbox 1203 2076 1274 2122; x_wconf 90' lang='lat' dir='ltr'><em>esse</em></span> <span class='ocrx_word' id='word_1_158' title='bbox 1290 2054 1495 2136; x_wconf 79' lang='lat' dir='ltr'><em>incivitate,</em></span> 
     </span>
     <span class='ocr_line' id='line_1_18' title="bbox 167 2159 1581 2249; baseline 0.001 -24"><span class='ocrx_word' id='word_1_159' title='bbox 167 2159 203 2225; x_wconf 93' lang='lat' dir='ltr'><em>in</em></span> <span class='ocrx_word' id='word_1_160' title='bbox 220 2181 289 2248; x_wconf 84' lang='lat' dir='ltr'><em>qua</em></span> <span class='ocrx_word' id='word_1_161' title='bbox 303 2179 362 2225; x_wconf 91' lang='lat' dir='ltr'><em>seu</em></span> <span class='ocrx_word' id='word_1_162' title='bbox 380 2180 488 2249; x_wconf 84' lang='lat' dir='ltr'><em>prope</em></span> <span class='ocrx_word' id='word_1_163' title='bbox 509 2180 613 2248; x_wconf 81' lang='lat' dir='ltr'><em>quem</em></span> <span class='ocrx_word' id='word_1_164' title='bbox 629 2159 809 2228; x_wconf 82' lang='lat' dir='ltr'><em>commisse</em></span> <span class='ocrx_word' id='word_1_165' title='bbox 829 2166 915 2228; x_wconf 90' lang='lat' dir='ltr'><em>esset</em></span> <span class='ocrx_word' id='word_1_166' title='bbox 930 2159 1052 2227; x_wconf 82' lang='lat' dir='ltr'><em>caedes</em></span> <span class='ocrx_word' id='word_1_167' title='bbox 1070 2181 1077 2228; x_wconf 94' lang='lat'><strong>:</strong></span> <span class='ocrx_word' id='word_1_168' title='bbox 1095 2182 1216 2228; x_wconf 89' lang='lat' dir='ltr'><em>verum</em></span> <span class='ocrx_word' id='word_1_169' title='bbox 1235 2182 1314 2228; x_wconf 89' lang='lat' dir='ltr'><em>eum</em></span> <span class='ocrx_word' id='word_1_170' title='bbox 1332 2183 1373 2228; x_wconf 85' lang='lat' dir='ltr'><em>ea</em></span> <span class='ocrx_word' id='word_1_171' title='bbox 1392 2181 1498 2248; x_wconf 82' lang='lat' dir='ltr'><em>saepe</em></span> <span class='ocrx_word' id='word_1_172' title='bbox 1579 2163 1581 2166; x_wconf 79' lang='grc'><strong>’</strong></span> 
     </span>
     <span class='ocr_line' id='line_1_19' title="bbox 168 2263 1498 2354; baseline 0 -22"><span class='ocrx_word' id='word_1_173' title='bbox 168 2286 314 2332; x_wconf 91' lang='lat' dir='ltr'><em>numero</em></span> <span class='ocrx_word' id='word_1_174' title='bbox 342 2265 446 2331; x_wconf 85' lang='lat' dir='ltr'><em>fuerit</em></span> <span class='ocrx_word' id='word_1_175' title='bbox 467 2263 587 2332; x_wconf 83' lang='lat' dir='ltr'><em>civitas</em></span> <span class='ocrx_word' id='word_1_176' title='bbox 610 2264 717 2354; x_wconf 90' lang='lat' dir='ltr'><em>ipsius</em></span> <span class='ocrx_word' id='word_1_177' title='bbox 741 2265 897 2336; x_wconf 87' lang='lat' dir='ltr'><em>occisoris</em></span> <span class='ocrx_word' id='word_1_178' title='bbox 923 2266 976 2332; x_wconf 89' lang='lat' dir='ltr'><em>vel</em></span> <span class='ocrx_word' id='word_1_179' title='bbox 1005 2266 1122 2348; x_wconf 86' lang='lat' dir='ltr'><em>occisi,</em></span> <span class='ocrx_word' id='word_1_180' title='bbox 1144 2266 1337 2334; x_wconf 90' lang='lat' dir='ltr'><em>timendum</em></span> <span class='ocrx_word' id='word_1_181' title='bbox 1357 2273 1432 2333; x_wconf 83' lang='lat' dir='ltr'><em>erat</em></span> <span class='ocrx_word' id='word_1_182' title='bbox 1449 2288 1498 2332; x_wconf 89' lang='lat' dir='ltr'><em>ne</em></span> 
     </span>
     <span class='ocr_line' id='line_1_20' title="bbox 167 2369 1499 2441; baseline 0.002 -5"><span class='ocrx_word' id='word_1_183' title='bbox 167 2370 218 2436; x_wconf 90' lang='lat' dir='ltr'><em>ibi</em></span> <span class='ocrx_word' id='word_1_184' title='bbox 243 2371 376 2437; x_wconf 90' lang='lat' dir='ltr'><em>occisor</em></span> <span class='ocrx_word' id='word_1_185' title='bbox 399 2375 458 2438; x_wconf 86' lang='lat' dir='ltr'><em>aut</em></span> <span class='ocrx_word' id='word_1_186' title='bbox 482 2369 594 2439; x_wconf 89' lang='lat' dir='ltr'><em>lenius</em></span> <span class='ocrx_word' id='word_1_187' title='bbox 615 2377 675 2438; x_wconf 82' lang='lat' dir='ltr'><em>eut</em></span> <span class='ocrx_word' id='word_1_188' title='bbox 694 2371 814 2438; x_wconf 90' lang='lat' dir='ltr'><em>durius</em></span> <span class='ocrx_word' id='word_1_189' title='bbox 840 2376 1057 2440; x_wconf 82' lang='lat' dir='ltr'><em>tractaretur.</em></span> <span class='ocrx_word' id='word_1_190' title='bbox 1083 2387 1167 2441; x_wconf 66' lang='lat' dir='ltr'><em>nstin</em></span> <span class='ocrx_word' id='word_1_191' title='bbox 1196 2395 1291 2440; x_wconf 87' lang='lat' dir='ltr'><em>secus</em></span> <span class='ocrx_word' id='word_1_192' title='bbox 1317 2378 1372 2440; x_wconf 92' lang='lat' dir='ltr'><em>est·</em></span> <span class='ocrx_word' id='word_1_193' title='bbox 1394 2374 1499 2439; x_wconf 87' lang='lat' dir='ltr'><em>totius</em></span> 
     </span>
     <span class='ocr_line' id='line_1_21' title="bbox 169 2464 1496 2568; baseline 0.002 -24"><span class='ocrx_word' id='word_1_194' title='bbox 169 2476 291 2567; x_wconf 88' lang='lat' dir='ltr'><em>populi</em></span> <span class='ocrx_word' id='word_1_195' title='bbox 308 2477 450 2544; x_wconf 84' lang='lat' dir='ltr'><em>hebraei</em></span> <span class='ocrx_word' id='word_1_196' title='bbox 471 2464 602 2558; x_wconf 79' lang='lat' dir='ltr'><em>con’cio,</em></span> <span class='ocrx_word' id='word_1_197' title='bbox 621 2483 684 2564; x_wconf 33' lang='lat' dir='ltr'><em>,aut</em></span> <span class='ocrx_word' id='word_1_198' title='bbox 705 2483 795 2544; x_wconf 90' lang='lat' dir='ltr'><em>certe</em></span> <span class='ocrx_word' id='word_1_199' title='bbox 813 2479 1011 2568; x_wconf 89' lang='lat' dir='ltr'><em>principum</em></span> <span class='ocrx_word' id='word_1_200' title='bbox 1028 2478 1119 2562; x_wconf 89' lang='lat' dir='ltr'><em>eins;</em></span> <span class='ocrx_word' id='word_1_201' title='bbox 1137 2479 1228 2547; x_wconf 83' lang='lat' dir='ltr'><em>hunc</em></span> <span class='ocrx_word' id='word_1_202' title='bbox 1249 2501 1329 2546; x_wconf 91' lang='lat' dir='ltr'><em>vero</em></span> <span class='ocrx_word' id='word_1_203' title='bbox 1347 2479 1496 2547; x_wconf 84' lang='lat' dir='ltr'><em>eundem</em></span> 
     </span>
     <span class='ocr_line' id='line_1_22' title="bbox 168 2582 1497 2676; baseline 0.002 -27"><span class='ocrx_word' id='word_1_204' title='bbox 168 2585 204 2652; x_wconf 93' lang='lat' dir='ltr'><em>h.</em></span> <span class='ocrx_word' id='word_1_205' title='bbox 223 2583 248 2650; x_wconf 91' lang='lat' dir='ltr'><em>l.</em></span> <span class='ocrx_word' id='word_1_206' title='bbox 269 2582 427 2669; x_wconf 84' lang='lat' dir='ltr'><em>intellegi</em></span> <span class='ocrx_word' id='word_1_207' title='bbox 450 2583 562 2650; x_wconf 90' lang='lat' dir='ltr'><em>iniero</em></span> <span class='ocrx_word' id='word_1_208' title='bbox 583 2605 601 2649; x_wconf 90' lang='lat' dir='ltr'><em>e</em></span> <span class='ocrx_word' id='word_1_209' title='bbox 623 2586 796 2651; x_wconf 77' lang='lat' dir='ltr'><em>mentione</em></span> <span class='ocrx_word' id='word_1_210' title='bbox 813 2584 994 2675; x_wconf 78' lang='lat' dir='ltr'><em>pontificis</em></span> <span class='ocrx_word' id='word_1_211' title='bbox 1016 2607 1047 2651; x_wconf 89' lang='lat' dir='ltr'><em>v.</em></span> <span class='ocrx_word' id='word_1_212' title='bbox 1071 2591 1126 2669; x_wconf 77' lang='lat'><em>25,</em></span> <span class='ocrx_word' id='word_1_213' title='bbox 1149 2608 1237 2676; x_wconf 85' lang='lat' dir='ltr'><em>quoe</em></span> <span class='ocrx_word' id='word_1_214' title='bbox 1256 2585 1351 2653; x_wconf 83' lang='lat' dir='ltr'><em>haud</em></span> <span class='ocrx_word' id='word_1_215' title='bbox 1371 2607 1497 2676; x_wconf 83' lang='lat' dir='ltr'><em>perum</em></span> 
     </span>
     <span class='ocr_line' id='line_1_23' title="bbox 169 2689 1497 2784; baseline 0 -26"><span class='ocrx_word' id='word_1_216' title='bbox 169 2691 303 2758; x_wconf 86' lang='lat' dir='ltr'><em>vexerit</em></span> <span class='ocrx_word' id='word_1_217' title='bbox 315 2690 535 2779; x_wconf 76' lang='lat' dir='ltr'><em>interpretes.</em></span> <span class='ocrx_word' id='word_1_218' title='bbox 553 2693 739 2760; x_wconf 78' lang='lat' dir='ltr'><em>censemus</em></span> <span class='ocrx_word' id='word_1_219' title='bbox 753 2691 862 2778; x_wconf 90' lang='lat' dir='ltr'><em>igitur</em></span> <span class='ocrx_word' id='word_1_220' title='bbox 876 2691 969 2759; x_wconf 89' lang='lat' dir='ltr'><em>illius</em></span> <span class='ocrx_word' id='word_1_221' title='bbox 987 2691 1108 2760; x_wconf 88' lang='lat' dir='ltr'><em>iudicii</em></span> <span class='ocrx_word' id='word_1_222' title='bbox 1126 2689 1326 2784; x_wconf 88' lang='lat' dir='ltr'><em>supremum</em></span> <span class='ocrx_word' id='word_1_223' title='bbox 1344 2691 1497 2759; x_wconf 87' lang='lat' dir='ltr'><em>iudicem</em></span> 
     </span>
     <span class='ocr_line' id='line_1_24' title="bbox 168 2796 1495 2888; baseline 0.001 -25"><span class='ocrx_word' id='word_1_224' title='bbox 168 2797 273 2863; x_wconf 86' lang='lat' dir='ltr'><em>tuisse</em></span> <span class='ocrx_word' id='word_1_225' title='bbox 292 2797 491 2886; x_wconf 86' lang='lat' dir='ltr'><em>pontificem</em></span> <span class='ocrx_word' id='word_1_226' title='bbox 510 2798 639 2887; x_wconf 90' lang='lat' dir='ltr'><em>ipsum,</em></span> <span class='ocrx_word' id='word_1_227' title='bbox 660 2796 705 2864; x_wconf 82' lang='lat' dir='ltr'><em>ed</em></span> <span class='ocrx_word' id='word_1_228' title='bbox 720 2819 799 2864; x_wconf 90' lang='lat' dir='ltr'><em>eum</em></span> <span class='ocrx_word' id='word_1_229' title='bbox 814 2819 919 2888; x_wconf 89' lang='lat' dir='ltr'><em>prope</em></span> <span class='ocrx_word' id='word_1_230' title='bbox 940 2799 1174 2867; x_wconf 81' lang='lat' dir='ltr'><em>sanctuarium</em></span> <span class='ocrx_word' id='word_1_231' title='bbox 1195 2799 1359 2867; x_wconf 88' lang='lat' dir='ltr'><em>eductum</em></span> <span class='ocrx_word' id='word_1_232' title='bbox 1380 2821 1450 2866; x_wconf 90' lang='lat' dir='ltr'><em>esse</em></span> <span class='ocrx_word' id='word_1_233' title='bbox 1477 2821 1495 2864; x_wconf 92' lang='lat' dir='ltr'><em>e</em></span> 
     </span>
     <span class='ocr_line' id='line_1_25' title="bbox 171 2902 1500 2990; baseline 0.001 -20"><span class='ocrx_word' id='word_1_234' title='bbox 171 2902 308 2970; x_wconf 82' lang='lat' dir='ltr'><em>civitate</em></span> <span class='ocrx_word' id='word_1_235' title='bbox 323 2903 449 2990; x_wconf 89' lang='lat' dir='ltr'><em>refugii</em></span> <span class='ocrx_word' id='word_1_236' title='bbox 468 2903 742 2985; x_wconf 83' lang='lat' dir='ltr'><em>interfectorem,</em></span> <span class='ocrx_word' id='word_1_237' title='bbox 763 2905 993 2972; x_wconf 84' lang='lat' dir='ltr'><em>asanctnerio</em></span> <span class='ocrx_word' id='word_1_238' title='bbox 1013 2904 1048 2972; x_wconf 91' lang='lat' dir='ltr'><em>in</em></span> <span class='ocrx_word' id='word_1_239' title='bbox 1068 2905 1213 2972; x_wconf 84' lang='lat' dir='ltr'><em>eundem</em></span> <span class='ocrx_word' id='word_1_240' title='bbox 1233 2906 1404 2972; x_wconf 83' lang='lat' dir='ltr'><em>civitatem</em></span> <span class='ocrx_word' id='word_1_241' title='bbox 1425 2927 1500 2972; x_wconf 87' lang='lat' dir='ltr'><em>esse</em></span> 
     </span>
     <span class='ocr_line' id='line_1_26' title="bbox 171 3009 1500 3101; baseline 0.002 -27"><span class='ocrx_word' id='word_1_242' title='bbox 171 3009 348 3076; x_wconf 85' lang='lat' dir='ltr'><em>reductum</em></span> <span class='ocrx_word' id='word_1_243' title='bbox 360 3016 438 3097; x_wconf 89' lang='lat' dir='ltr'><em>post</em></span> <span class='ocrx_word' id='word_1_244' title='bbox 452 3016 627 3099; x_wconf 79' lang='lat' dir='ltr'><em>receptum</em></span> <span class='ocrx_word' id='word_1_245' title='bbox 647 3011 795 3076; x_wconf 81' lang='lat' dir='ltr'><em>faustum</em></span> <span class='ocrx_word' id='word_1_246' title='bbox 811 3011 1027 3078; x_wconf 84' lang='lat' dir='ltr'><em>sententiam.</em></span> <span class='ocrx_word' id='word_1_247' title='bbox 1047 3011 1242 3098; x_wconf 85' lang='lat' dir='ltr'><em>Cogebatur</em></span> <span class='ocrx_word' id='word_1_248' title='bbox 1260 3032 1363 3101; x_wconf 91' lang='lat' dir='ltr'><em>porro</em></span> <span class='ocrx_word' id='word_1_249' title='bbox 1388 3009 1500 3077; x_wconf 85' lang='lat' dir='ltr'><em>inter-</em></span> 
     </span>
     <span class='ocr_line' id='line_1_27' title="bbox 170 3113 1496 3208; baseline 0.001 -26"><span class='ocrx_word' id='word_1_250' title='bbox 170 3117 277 3182; x_wconf 82' lang='lat' dir='ltr'><em>lector</em></span> <span class='ocrx_word' id='word_1_251' title='bbox 297 3115 460 3181; x_wconf 88' lang='lat' dir='ltr'><em>innocens</em></span> <span class='ocrx_word' id='word_1_252' title='bbox 482 3113 603 3204; x_wconf 89' lang='lat' dir='ltr'><em>procul</em></span> <span class='ocrx_word' id='word_1_253' title='bbox 624 3138 643 3181; x_wconf 82' lang='lat' dir='ltr'>a</span> <span class='ocrx_word' id='word_1_254' title='bbox 662 3114 731 3181; x_wconf 89' lang='lat' dir='ltr'><em>suis</em></span> <span class='ocrx_word' id='word_1_255' title='bbox 749 3114 788 3181; x_wconf 91' lang='lat' dir='ltr'><em>in</em></span> <span class='ocrx_word' id='word_1_256' title='bbox 809 3115 944 3184; x_wconf 85' lang='lat' dir='ltr'><em>civitate</em></span> <span class='ocrx_word' id='word_1_257' title='bbox 966 3116 1093 3202; x_wconf 84' lang='lat' dir='ltr'><em>refugii</em></span> <span class='ocrx_word' id='word_1_258' title='bbox 1113 3138 1348 3208; x_wconf 82' lang='lat' dir='ltr'><em>perseverare,</em></span> <span class='ocrx_word' id='word_1_259' title='bbox 1367 3139 1436 3183; x_wconf 89' lang='lat' dir='ltr'><em>non</em></span> <span class='ocrx_word' id='word_1_260' title='bbox 1459 3118 1496 3183; x_wconf 93' lang='lat' dir='ltr'><em>in</em></span> 
     </span>
     <span class='ocr_line' id='line_1_28' title="bbox 169 3220 1497 3312; baseline 0.001 -23"><span class='ocrx_word' id='word_1_261' title='bbox 169 3243 334 3312; x_wconf 84' lang='lat' dir='ltr'><em>poenam,</em></span> <span class='ocrx_word' id='word_1_262' title='bbox 352 3242 431 3287; x_wconf 92' lang='lat' dir='ltr'><em>cum</em></span> <span class='ocrx_word' id='word_1_263' title='bbox 447 3220 489 3288; x_wconf 91' lang='lat' dir='ltr'><em>de</em></span> <span class='ocrx_word' id='word_1_264' title='bbox 507 3222 581 3287; x_wconf 89' lang='lat' dir='ltr'><em>eius</em></span> <span class='ocrx_word' id='word_1_265' title='bbox 599 3220 796 3288; x_wconf 85' lang='lat' dir='ltr'><em>innocentia</em></span> <span class='ocrx_word' id='word_1_266' title='bbox 815 3228 1000 3306; x_wconf 77' lang='lat' dir='ltr'><em>constaret,</em></span> <span class='ocrx_word' id='word_1_267' title='bbox 1018 3223 1079 3290; x_wconf 90' lang='lat' dir='ltr'><em>sed</em></span> <span class='ocrx_word' id='word_1_268' title='bbox 1099 3223 1143 3290; x_wconf 83' lang='lat' dir='ltr'><em>ed</em></span> <span class='ocrx_word' id='word_1_269' title='bbox 1162 3223 1407 3290; x_wconf 82' lang='lat' dir='ltr'><em>inculcandum</em></span> <span class='ocrx_word' id='word_1_270' title='bbox 1424 3229 1497 3290; x_wconf 82' lang='lat' dir='ltr'><em>tem</em></span> 
     </span>
     <span class='ocr_line' id='line_1_29' title="bbox 169 3325 1496 3419; baseline 0.003 -25"><span class='ocrx_word' id='word_1_271' title='bbox 169 3327 235 3419; x_wconf 91' lang='lat' dir='ltr'><em>ipsi</em></span> <span class='ocrx_word' id='word_1_272' title='bbox 251 3349 356 3417; x_wconf 85' lang='lat' dir='ltr'><em>quem</em></span> <span class='ocrx_word' id='word_1_273' title='bbox 376 3325 519 3418; x_wconf 90' lang='lat' dir='ltr'><em>reliquis</em></span> <span class='ocrx_word' id='word_1_274' title='bbox 542 3326 704 3394; x_wconf 88' lang='lat' dir='ltr'><em>omnibus</em></span> <span class='ocrx_word' id='word_1_275' title='bbox 721 3329 902 3395; x_wconf 91' lang='lat' dir='ltr'><em>horrorem</em></span> <span class='ocrx_word' id='word_1_276' title='bbox 919 3328 1120 3396; x_wconf 81' lang='lat' dir='ltr'><em>effundendi</em></span> <span class='ocrx_word' id='word_1_277' title='bbox 1138 3329 1282 3396; x_wconf 82' lang='lat' dir='ltr'><em>humani</em></span> <span class='ocrx_word' id='word_1_278' title='bbox 1302 3329 1496 3416; x_wconf 80' lang='lat' dir='ltr'><em>sanguinis.</em></span> 
     </span>
     <span class='ocr_line' id='line_1_30' title="bbox 171 3433 1495 3525; baseline 0.002 -26"><span class='ocrx_word' id='word_1_279' title='bbox 171 3433 433 3502; x_wconf 83' lang='lat' dir='ltr'><em>Terminebutur</em></span> <span class='ocrx_word' id='word_1_280' title='bbox 446 3434 520 3501; x_wconf 92' lang='lat' dir='ltr'><em>eius</em></span> <span class='ocrx_word' id='word_1_281' title='bbox 536 3433 691 3501; x_wconf 86' lang='lat' dir='ltr'><em>exsilium</em></span> <span class='ocrx_word' id='word_1_282' title='bbox 702 3439 813 3500; x_wconf 87' lang='lat' dir='ltr'><em>morte</em></span> <span class='ocrx_word' id='word_1_283' title='bbox 824 3435 958 3516; x_wconf 88' lang='lat' dir='ltr'><em>iudicis,</em></span> <span class='ocrx_word' id='word_1_284' title='bbox 973 3434 1078 3524; x_wconf 91' lang='lat' dir='ltr'><em>quod,</em></span> <span class='ocrx_word' id='word_1_285' title='bbox 1092 3456 1170 3502; x_wconf 86' lang='lat' dir='ltr'><em>eum</em></span> <span class='ocrx_word' id='word_1_286' title='bbox 1186 3434 1275 3502; x_wconf 92' lang='lat' dir='ltr'><em>illud</em></span> <span class='ocrx_word' id='word_1_287' title='bbox 1289 3442 1495 3525; x_wconf 88' lang='lat' dir='ltr'><em>perpetuum</em></span> 
     </span>
     <span class='ocr_line' id='line_1_31' title="bbox 172 3540 1502 3631; baseline 0.001 -24"><span class='ocrx_word' id='word_1_288' title='bbox 172 3563 242 3607; x_wconf 90' lang='lat' dir='ltr'><em>esse</em></span> <span class='ocrx_word' id='word_1_289' title='bbox 257 3541 413 3631; x_wconf 89' lang='lat' dir='ltr'><em>iniquum</em></span> <span class='ocrx_word' id='word_1_290' title='bbox 430 3544 638 3623; x_wconf 87' lang='lat' dir='ltr'><em>censeretur,</em></span> <span class='ocrx_word' id='word_1_291' title='bbox 656 3541 827 3630; x_wconf 81' lang='lat' dir='ltr'><em>expiraret</em></span> <span class='ocrx_word' id='word_1_292' title='bbox 846 3541 950 3608; x_wconf 89' lang='lat' dir='ltr'><em>veluti</em></span> <span class='ocrx_word' id='word_1_293' title='bbox 971 3563 1040 3608; x_wconf 78' lang='lat' dir='ltr'><em>true</em></span> <span class='ocrx_word' id='word_1_294' title='bbox 1055 3563 1132 3609; x_wconf 91' lang='lat' dir='ltr'><em>cum</em></span> <span class='ocrx_word' id='word_1_295' title='bbox 1146 3540 1268 3608; x_wconf 84' lang='lat' dir='ltr'><em>iudicis</em></span> <span class='ocrx_word' id='word_1_296' title='bbox 1288 3543 1358 3609; x_wconf 84' lang='lat' dir='ltr'><em>vite</em></span> <span class='ocrx_word' id='word_1_297' title='bbox 1373 3542 1502 3610; x_wconf 86' lang='lat' dir='ltr'><em>iudicis</em></span> 
     </span>
     <span class='ocr_line' id='line_1_32' title="bbox 172 3646 1499 3738; baseline 0.002 -26"><span class='ocrx_word' id='word_1_298' title='bbox 172 3646 274 3714; x_wconf 84' lang='lat' dir='ltr'><em>etiem</em></span> <span class='ocrx_word' id='word_1_299' title='bbox 290 3646 470 3714; x_wconf 83' lang='lat' dir='ltr'><em>sententie.</em></span> <span class='ocrx_word' id='word_1_300' title='bbox 489 3651 660 3726; x_wconf 83' lang='lat' dir='ltr'><em>Ceterum,</em></span> <span class='ocrx_word' id='word_1_301' title='bbox 677 3647 859 3738; x_wconf 88' lang='lat' dir='ltr'><em>superstite</em></span> <span class='ocrx_word' id='word_1_302' title='bbox 873 3647 1052 3737; x_wconf 88' lang='lat' dir='ltr'><em>pontifice,</em></span> <span class='ocrx_word' id='word_1_303' title='bbox 1073 3649 1144 3715; x_wconf 84' lang='lat' dir='ltr'><em>sola</em></span> <span class='ocrx_word' id='word_1_304' title='bbox 1158 3648 1196 3715; x_wconf 93' lang='lat' dir='ltr'><em>iu</em></span> <span class='ocrx_word' id='word_1_305' title='bbox 1214 3647 1352 3716; x_wconf 84' lang='lat' dir='ltr'><em>civitate</em></span> <span class='ocrx_word' id='word_1_306' title='bbox 1371 3647 1499 3736; x_wconf 81' lang='lat' dir='ltr'><em>refugii</em></span> 
     </span>
     <span class='ocr_line' id='line_1_33' title="bbox 172 3751 1500 3843; baseline 0 -22"><span class='ocrx_word' id='word_1_307' title='bbox 172 3774 310 3821; x_wconf 90' lang='lat' dir='ltr'><em>securus</em></span> <span class='ocrx_word' id='word_1_308' title='bbox 329 3753 465 3821; x_wconf 80' lang='lat' dir='ltr'><em>vivebat</em></span> <span class='ocrx_word' id='word_1_309' title='bbox 485 3752 543 3820; x_wconf 90' lang='lat' dir='ltr'><em>ille</em></span> <span class='ocrx_word' id='word_1_310' title='bbox 568 3751 767 3820; x_wconf 84' lang='lat' dir='ltr'><em>interlector</em></span> <span class='ocrx_word' id='word_1_311' title='bbox 787 3754 904 3821; x_wconf 90' lang='lat' dir='ltr'><em>insons</em></span> <span class='ocrx_word' id='word_1_312' title='bbox 928 3776 935 3822; x_wconf 92' lang='lat'><strong>:</strong></span> <span class='ocrx_word' id='word_1_313' title='bbox 961 3777 993 3820; x_wconf 92' lang='lat' dir='ltr'><em>v.</em></span> <span class='ocrx_word' id='word_1_314' title='bbox 1018 3761 1060 3821; x_wconf 68' lang='lat'><em>26</em></span> <span class='ocrx_word' id='word_1_315' title='bbox 1082 3783 1096 3816; x_wconf 77' lang='lat' dir='ltr'><em>c</em></span> <span class='ocrx_word' id='word_1_316' title='bbox 1117 3753 1159 3822; x_wconf 91' lang='lat' dir='ltr'><em>Si</em></span> <span class='ocrx_word' id='word_1_317' title='bbox 1178 3754 1379 3843; x_wconf 81' lang='lat' dir='ltr'><em>interfector</em></span> <span class='ocrx_word' id='word_1_318' title='bbox 1393 3760 1500 3822; x_wconf 79' lang='lat' dir='ltr'><em>&#39;cetra</em></span> 
     </span>
     <span class='ocr_line' id='line_1_34' title="bbox 169 3858 1499 3958; baseline 0.001 -33"><span class='ocrx_word' id='word_1_319' title='bbox 169 3861 256 3948; x_wconf 85' lang='lat' dir='ltr'><em>fines</em></span> <span class='ocrx_word' id='word_1_320' title='bbox 270 3858 418 3958; x_wconf 64' lang='lat' dir='ltr'><em>certium,</em></span> <span class='ocrx_word' id='word_1_321' title='bbox 435 3882 523 3950; x_wconf 83' lang='lat' dir='ltr'><em>qtcae</em></span> <span class='ocrx_word' id='word_1_322' title='bbox 539 3859 714 3926; x_wconf 75' lang='lat' dir='ltr'><em>exstitibus</em></span> <span class='ocrx_word' id='word_1_323' title='bbox 730 3859 914 3950; x_wconf 86' lang='lat' dir='ltr'><em>deputatae</em></span> <span class='ocrx_word' id='word_1_324' title='bbox 928 3873 1008 3927; x_wconf 88' lang='lat' dir='ltr'><em>sunt</em></span> <span class='ocrx_word' id='word_1_325' title='bbox 1022 3889 1051 3940; x_wconf 90' lang='lat'><em>»,</em></span> <span class='ocrx_word' id='word_1_326' title='bbox 1067 3863 1259 3949; x_wconf 90' lang='lat' dir='ltr'><em>—corrige</em></span> <span class='ocrx_word' id='word_1_327' title='bbox 1278 3861 1394 3931; x_wconf 85' lang='lat' dir='ltr'><em>:urbis</em></span> <span class='ocrx_word' id='word_1_328' title='bbox 1407 3861 1499 3949; x_wconf 78' lang='lat' dir='ltr'><em>resu-</em></span> 
     </span>
     <span class='ocr_line' id='line_1_35' title="bbox 172 3965 1499 4058; baseline 0.002 -26"><span class='ocrx_word' id='word_1_329' title='bbox 172 3966 240 4055; x_wconf 74' lang='lat' dir='ltr'><em>pii,</em></span> <span class='ocrx_word' id='word_1_330' title='bbox 260 3965 296 4032; x_wconf 91' lang='lat' dir='ltr'><em>in</em></span> <span class='ocrx_word' id='word_1_331' title='bbox 317 3989 420 4056; x_wconf 83' lang='lat' dir='ltr'><em>quam</em></span> <span class='ocrx_word' id='word_1_332' title='bbox 442 3968 663 4056; x_wconf 71' lang='lat' dir='ltr'><em>confugerat.</em></span> <span class='ocrx_word' id='word_1_333' title='bbox 686 3971 802 4056; x_wconf 89' lang='lat' dir='ltr'><em>Neque</em></span> <span class='ocrx_word' id='word_1_334' title='bbox 822 3966 977 4058; x_wconf 85' lang='lat' dir='ltr'><em>reliquae</em></span> <span class='ocrx_word' id='word_1_335' title='bbox 1001 3967 1102 4036; x_wconf 88' lang='lat' dir='ltr'><em>urbes</em></span> <span class='ocrx_word' id='word_1_336' title='bbox 1124 3969 1251 4056; x_wconf 89' lang='lat' dir='ltr'><em>refugii</em></span> <span class='ocrx_word' id='word_1_337' title='bbox 1270 3967 1431 4035; x_wconf 86' lang='lat' dir='ltr'><em>videntur</em></span> <span class='ocrx_word' id='word_1_338' title='bbox 1446 3967 1499 4035; x_wconf 90' lang='lat' dir='ltr'><em>illi</em></span> 
     </span>
     <span class='ocr_line' id='line_1_36' title="bbox 173 4073 1499 4165; baseline 0.001 -26"><span class='ocrx_word' id='word_1_339' title='bbox 173 4077 266 4139; x_wconf 81' lang='lat' dir='ltr'><em>tutae</em></span> <span class='ocrx_word' id='word_1_340' title='bbox 286 4073 449 4140; x_wconf 84' lang='lat' dir='ltr'><em>luisse-</em></span> <span class='ocrx_word' id='word_1_341' title='bbox 469 4095 499 4140; x_wconf 92' lang='lat' dir='ltr'><em>v.</em></span> <span class='ocrx_word' id='word_1_342' title='bbox 524 4079 567 4139; x_wconf 77' lang='lat' dir='ltr'><em>m</em></span> <span class='ocrx_word' id='word_1_343' title='bbox 590 4101 605 4135; x_wconf 77' lang='lat' dir='ltr'><em>n</em></span> <span class='ocrx_word' id='word_1_344' title='bbox 631 4075 742 4160; x_wconf 83' lang='lat' dir='ltr'><em>suerit</em></span> <span class='ocrx_word' id='word_1_345' title='bbox 761 4075 919 4142; x_wconf 75' lang='lat' dir='ltr'><em>trecentus</em></span> <span class='ocrx_word' id='word_1_346' title='bbox 943 4087 975 4142; x_wconf 91' lang='lat' dir='ltr'><em>et</em></span> <span class='ocrx_word' id='word_1_347' title='bbox 993 4097 1175 4165; x_wconf 85' lang='lat' dir='ltr'><em>percussas</em></span> <span class='ocrx_word' id='word_1_348' title='bbox 1195 4076 1237 4141; x_wconf 82' lang='lat' dir='ltr'><em>ab</em></span> <span class='ocrx_word' id='word_1_349' title='bbox 1256 4096 1306 4161; x_wconf 84' lang='lat' dir='ltr'><em>eo,</em></span> <span class='ocrx_word' id='word_1_350' title='bbox 1326 4075 1388 4164; x_wconf 81' lang='lat' dir='ltr'><em>qui</em></span> <span class='ocrx_word' id='word_1_351' title='bbox 1407 4074 1499 4141; x_wconf 90' lang='lat' dir='ltr'><em>ultor</em></span> 
     </span>
     <span class='ocr_line' id='line_1_37' title="bbox 173 4178 1498 4270; baseline 0.002 -26"><span class='ocrx_word' id='word_1_352' title='bbox 173 4191 222 4244; x_wconf 88' lang='lat' dir='ltr'><em>est</em></span> <span class='ocrx_word' id='word_1_353' title='bbox 236 4178 429 4268; x_wconf 72' lang='lat' dir='ltr'><em>sanpuiniS,</em></span> <span class='ocrx_word' id='word_1_354' title='bbox 447 4181 572 4268; x_wconf 83' lang='lat' dir='ltr'><em>absque</em></span> <span class='ocrx_word' id='word_1_355' title='bbox 586 4201 679 4246; x_wconf 78' lang='lat' dir='ltr'><em>noua</em></span> <span class='ocrx_word' id='word_1_356' title='bbox 692 4178 757 4246; x_wconf 89' lang='lat' dir='ltr'><em>erit</em></span> <span class='ocrx_word' id='word_1_357' title='bbox 776 4181 839 4270; x_wconf 82' lang='lat' dir='ltr'><em>qui</em></span> <span class='ocrx_word' id='word_1_358' title='bbox 853 4203 930 4247; x_wconf 89' lang='lat' dir='ltr'><em>eum</em></span> <span class='ocrx_word' id='word_1_359' title='bbox 952 4179 1116 4248; x_wconf 88' lang='lat' dir='ltr'><em>occiderit</em></span> <span class='ocrx_word' id='word_1_360' title='bbox 1138 4207 1168 4262; x_wconf 81' lang='lat' dir='ltr'><em>n,</em></span> <span class='ocrx_word' id='word_1_361' title='bbox 1186 4203 1218 4248; x_wconf 89' lang='lat' dir='ltr'><em>v.</em></span> <span class='ocrx_word' id='word_1_362' title='bbox 1236 4186 1279 4248; x_wconf 79' lang='lat'><em>28</em></span> <span class='ocrx_word' id='word_1_363' title='bbox 1296 4208 1312 4241; x_wconf 91' lang='lat'>«</span> <span class='ocrx_word' id='word_1_364' title='bbox 1335 4178 1498 4248; x_wconf 86' lang='lat' dir='ltr'><em>debuerat</em></span> 
     </span>
     <span class='ocr_line' id='line_1_38' title="bbox 171 4285 1589 4378; baseline 0.004 -28"><span class='ocrx_word' id='word_1_365' title='bbox 171 4285 263 4350; x_wconf 86' lang='lat' dir='ltr'><em>enirn</em></span> <span class='ocrx_word' id='word_1_366' title='bbox 276 4286 452 4375; x_wconf 73' lang='lat' dir='ltr'><em>prosapies</em></span> <span class='ocrx_word' id='word_1_367' title='bbox 469 4307 572 4374; x_wconf 86' lang='lat' dir='ltr'><em>usque</em></span> <span class='ocrx_word' id='word_1_368' title='bbox 587 4285 635 4353; x_wconf 92' lang='lat' dir='ltr'><em>ad</em></span> <span class='ocrx_word' id='word_1_369' title='bbox 645 4297 789 4352; x_wconf 88' lang='lat' dir='ltr'><em>mortem</em></span> <span class='ocrx_word' id='word_1_370' title='bbox 798 4287 976 4377; x_wconf 71' lang='lat' dir='ltr'><em>pontificis</em></span> <span class='ocrx_word' id='word_1_371' title='bbox 990 4288 1028 4353; x_wconf 90' lang='lat' dir='ltr'><em>in</em></span> <span class='ocrx_word' id='word_1_372' title='bbox 1043 4285 1124 4353; x_wconf 72' lang='lat' dir='ltr'><em>urm</em></span> <span class='ocrx_word' id='word_1_373' title='bbox 1135 4287 1300 4369; x_wconf 87' lang='lat' dir='ltr'><em>residere;</em></span> <span class='ocrx_word' id='word_1_374' title='bbox 1309 4301 1499 4378; x_wconf 85' lang='lat' dir='ltr'><em>postquam</em></span> <span class='ocrx_word' id='word_1_375' title='bbox 1585 4335 1589 4338; x_wconf 96' lang='lat'>-</span> 
     </span>
     <span class='ocr_line' id='line_1_39' title="bbox 171 4390 1264 4475; baseline 0.002 -16"><span class='ocrx_word' id='word_1_376' title='bbox 171 4403 285 4459; x_wconf 79' lang='lat' dir='ltr'><em>aretem</em></span> <span class='ocrx_word' id='word_1_377' title='bbox 304 4390 362 4457; x_wconf 89' lang='lat' dir='ltr'><em>ille</em></span> <span class='ocrx_word' id='word_1_378' title='bbox 378 4390 514 4475; x_wconf 85' lang='lat' dir='ltr'><em>obierit,</em></span> <span class='ocrx_word' id='word_1_379' title='bbox 533 4390 704 4459; x_wconf 79' lang='lat' dir='ltr'><em>homicida</em></span> <span class='ocrx_word' id='word_1_380' title='bbox 718 4405 905 4460; x_wconf 74' lang='lat' dir='ltr'><em>revertetur</em></span> <span class='ocrx_word' id='word_1_381' title='bbox 918 4394 954 4460; x_wconf 91' lang='lat' dir='ltr'><em>in</em></span> <span class='ocrx_word' id='word_1_382' title='bbox 974 4406 1101 4460; x_wconf 88' lang='lat' dir='ltr'><em>terram</em></span> <span class='ocrx_word' id='word_1_383' title='bbox 1117 4416 1217 4460; x_wconf 89' lang='lat' dir='ltr'><em>suom</em></span> <span class='ocrx_word' id='word_1_384' title='bbox 1234 4422 1264 4461; x_wconf 77' lang='lat' dir='ltr'><em>n.</em></span> 
     </span>
    </p>
   </div>
   <div class='ocr_carea' id='block_1_4' title="bbox 173 4563 1497 4896">
    <p class='ocr_par' dir='ltr' id='par_1_4' title="bbox 173 4563 1497 4896">
     <span class='ocr_line' id='line_1_40' title="bbox 209 4563 1497 4631; baseline 0.001 -16"><span class='ocrx_word' id='word_1_385' title='bbox 209 4565 280 4615; x_wconf 91' lang='lat' dir='ltr'><em>Vere</em></span> <span class='ocrx_word' id='word_1_386' title='bbox 295 4563 387 4630; x_wconf 79' lang='lat' dir='ltr'><em>Bonsr.</em></span> <span class='ocrx_word' id='word_1_387' title='bbox 406 4564 441 4614; x_wconf 86' lang='lat' dir='ltr'><em>ad</em></span> <span class='ocrx_word' id='word_1_388' title='bbox 455 4577 482 4612; x_wconf 87' lang='lat' dir='ltr'><em>v.</em></span> <span class='ocrx_word' id='word_1_389' title='bbox 497 4563 531 4614; x_wconf 75' lang='lat' dir='ltr'><em>it</em></span> <span class='ocrx_word' id='word_1_390' title='bbox 548 4579 555 4613; x_wconf 77' lang='grc' dir='ltr'><strong>ι</strong></span> <span class='ocrx_word' id='word_1_391' title='bbox 574 4579 585 4612; x_wconf 75' lang='lat' dir='ltr'><em>c</em></span> <span class='ocrx_word' id='word_1_392' title='bbox 604 4565 700 4629; x_wconf 83' lang='lat' dir='ltr'><em>ltaque</em></span> <span class='ocrx_word' id='word_1_393' title='bbox 713 4579 770 4615; x_wconf 90' lang='lat' dir='ltr'><em>non</em></span> <span class='ocrx_word' id='word_1_394' title='bbox 785 4567 893 4616; x_wconf 83' lang='lat' dir='ltr'><em>tantum</em></span> <span class='ocrx_word' id='word_1_395' title='bbox 907 4566 1133 4631; x_wconf 82' lang='lat' dir='ltr'><em>legetmpunitas</em></span> <span class='ocrx_word' id='word_1_396' title='bbox 1147 4568 1331 4630; x_wconf 85' lang='lat' dir='ltr'><em>promittitur,</em></span> <span class='ocrx_word' id='word_1_397' title='bbox 1348 4566 1497 4618; x_wconf 82' lang='lat' dir='ltr'><em>sedetiam</em></span> 
     </span>
     <span class='ocr_line' id='line_1_41' title="bbox 173 4652 1497 4720; baseline 0.002 -15"><span class='ocrx_word' id='word_1_398' title='bbox 173 4655 313 4718; x_wconf 88' lang='lat' dir='ltr'><em>exemptio</em></span> <span class='ocrx_word' id='word_1_399' title='bbox 325 4667 342 4704; x_wconf 81' lang='lat' dir='ltr'>a</span> <span class='ocrx_word' id='word_1_400' title='bbox 355 4653 435 4717; x_wconf 84' lang='lat' dir='ltr'><em>culpa</em></span> <span class='ocrx_word' id='word_1_401' title='bbox 451 4652 621 4704; x_wconf 87' lang='lat' dir='ltr'><em>conceditur.</em></span> <span class='ocrx_word' id='word_1_402' title='bbox 638 4653 784 4704; x_wconf 78' lang='lat' dir='ltr'><em>Debebunt</em></span> <span class='ocrx_word' id='word_1_403' title='bbox 805 4655 916 4718; x_wconf 82' lang='lat' dir='ltr'><em>cognati</em></span> <span class='ocrx_word' id='word_1_404' title='bbox 938 4656 977 4706; x_wconf 90' lang='lat' dir='ltr'><em>iiii</em></span> <span class='ocrx_word' id='word_1_405' title='bbox 992 4668 1027 4705; x_wconf 87' lang='lat' dir='ltr'><em>ex</em></span> <span class='ocrx_word' id='word_1_406' title='bbox 1046 4655 1100 4706; x_wconf 83' lang='lat' dir='ltr'><em>hae</em></span> <span class='ocrx_word' id='word_1_407' title='bbox 1114 4657 1177 4720; x_wconf 85' lang='lat' dir='ltr'><em>lege</em></span> <span class='ocrx_word' id='word_1_408' title='bbox 1195 4656 1248 4706; x_wconf 88' lang='lat' dir='ltr'><em>sibi</em></span> <span class='ocrx_word' id='word_1_409' title='bbox 1263 4656 1423 4716; x_wconf 79' lang='lat' dir='ltr'><em>vindicare,</em></span> <span class='ocrx_word' id='word_1_410' title='bbox 1439 4669 1497 4707; x_wconf 90' lang='lat' dir='ltr'><em>non</em></span> 
     </span>
     <span class='ocr_line' id='line_1_42' title="bbox 174 4741 1497 4808; baseline -0.002 -13"><span class='ocrx_word' id='word_1_411' title='bbox 174 4743 374 4806; x_wconf 83' lang='lat' dir='ltr'><em>obligationem</em></span> <span class='ocrx_word' id='word_1_412' title='bbox 394 4741 520 4806; x_wconf 82' lang='lat' dir='ltr'><em>quidem,</em></span> <span class='ocrx_word' id='word_1_413' title='bbox 541 4742 590 4792; x_wconf 87' lang='lat' dir='ltr'><em>sed</em></span> <span class='ocrx_word' id='word_1_414' title='bbox 615 4753 713 4793; x_wconf 88' lang='lat' dir='ltr'><em>verum</em></span> <span class='ocrx_word' id='word_1_415' title='bbox 737 4743 780 4793; x_wconf 87' lang='lat' dir='ltr'><em>ius</em></span> <span class='ocrx_word' id='word_1_416' title='bbox 804 4743 864 4793; x_wconf 87' lang='lat' dir='ltr'><em>eius</em></span> <span class='ocrx_word' id='word_1_417' title='bbox 887 4743 1008 4794; x_wconf 87' lang='lat' dir='ltr'><em>hominis</em></span> <span class='ocrx_word' id='word_1_418' title='bbox 1036 4743 1224 4794; x_wconf 87' lang='lat' dir='ltr'><em>interimendi.</em></span> <span class='ocrx_word' id='word_1_419' title='bbox 1248 4744 1300 4794; x_wconf 79' lang='lat' dir='ltr'>Illa</span> <span class='ocrx_word' id='word_1_420' title='bbox 1319 4757 1403 4808; x_wconf 90' lang='lat' dir='ltr'><em>porro</em></span> <span class='ocrx_word' id='word_1_421' title='bbox 1421 4757 1497 4794; x_wconf 86' lang='lat' dir='ltr'><em>mors</em></span> 
     </span>
     <span class='ocr_line' id='line_1_43' title="bbox 176 4829 1497 4896; baseline 0.003 -16"><span class='ocrx_word' id='word_1_422' title='bbox 176 4831 354 4896; x_wconf 80' lang='lat' dir='ltr'><em>infligebatur</em></span> <span class='ocrx_word' id='word_1_423' title='bbox 369 4833 511 4894; x_wconf 80' lang='lat' dir='ltr'><em>tamquam</em></span> <span class='ocrx_word' id='word_1_424' title='bbox 522 4843 605 4896; x_wconf 81' lang='lat' dir='ltr'><em>poenc</em></span> <span class='ocrx_word' id='word_1_425' title='bbox 618 4829 833 4892; x_wconf 87' lang='lat' dir='ltr'><em>interiectionis,</em></span> <span class='ocrx_word' id='word_1_426' title='bbox 850 4844 934 4895; x_wconf 88' lang='lat' dir='ltr'><em>qnam</em></span> <span class='ocrx_word' id='word_1_427' title='bbox 954 4833 1075 4882; x_wconf 80' lang='lat' dir='ltr'><em>iudiciali</em></span> <span class='ocrx_word' id='word_1_428' title='bbox 1095 4834 1236 4884; x_wconf 82' lang='lat' dir='ltr'><em>sententia</em></span> <span class='ocrx_word' id='word_1_429' title='bbox 1251 4834 1396 4886; x_wconf 80' lang='lat' dir='ltr'><em>constabat</em></span> <span class='ocrx_word' id='word_1_430' title='bbox 1411 4833 1497 4886; x_wconf 86' lang='lat' dir='ltr'><em>tuisse</em></span> 
     </span>
    </p>
   </div>
   <div class='ocr_carea' id='block_1_5' title="bbox 0 0 1783 5406">
    <p class='ocr_par' dir='ltr' id='par_1_5' title="bbox 0 0 1783 5406">
     <span class='ocr_line' id='line_1_44' title="bbox 0 0 1783 5406; baseline 0 0"><span class='ocrx_word' id='word_1_431' title='bbox 0 0 1783 5406; x_wconf 95' lang='lat' dir='ltr'><em> </em></span> 
     </span>
    </p>
   </div>
  </div>
 </body>
</html>
