3554 5406
718 425 794 471 uun.
818 412 908 484 Μ
932 429 997 480 suo.
1462 413 1519 472 29¹1

196 560 288 626 tione
312 579 439 624 nomen
462 557 506 623 ob
538 558 690 625 rationes
710 582 744 649 p.
774 567 838 630 257
858 545 933 650 sqq.¹
955 566 1098 628 statutas
1119 563 1314 627 constanter
1335 529 1520 650 supprimi-

196 671 251 732 tur
275 688 283 733 ε
307 663 538 730 Ammonitue.
567 669 631 731 Hos
657 665 720 733 sub
748 667 889 734 nomine
916 667 1068 734 filiorum
1092 667 1173 733 Seth
1198 665 1304 732 latere
1326 687 1515 733 censemus.

195 777 252 854 at,
278 769 452 860 quomodo
479 770 544 837 boe
567 771 705 838 nomine
728 772 899 862 appellari
920 775 958 840 hi
981 774 1144 862 potuere?
1165 777 1270 839 Erant
1292 772 1446 863 primum
1465 795 1517 839 re-

195 900 278 945 vera
300 899 319 944 e
342 877 540 967 patriarcba
570 878 651 946 Seth
678 879 859 968 prognati,
883 879 934 947 uti
960 878 1157 946 Noachidae
1189 900 1318 946 omnes.
1353 885 1440 960 lmo,
1472 883 1519 948 ob

195 983 298 1050 aliam
318 983 423 1050 etiam
439 983 606 1051 rationem
622 987 731 1074 potuit
750 991 912 1070 Ammon,
927 986 1000 1054 Loti
1015 986 1129 1076 prima
1149 986 1278 1074 proles,
1296 987 1410 1053 vocari
1423 987 1516 1067 Seth,

194 1091 218 1157 i.
236 1113 265 1157 e.
281 1090 411 1180 positus
429 1089 523 1178 (Gen.
543 1091 659 1180 u,25):
684 1092 795 1160 luerat
816 1092 890 1176 ille,
915 1093 1036 1182 utique
1058 1115 1120 1181 per
1138 1092 1323 1173 incestum,
1347 1092 1438 1182 patri
1460 1115 1520 1182 po·

194 1197 277 1264 situs
293 1197 368 1262 loco
383 1195 491 1286 prolis
505 1197 692 1278 masculae,
710 1221 779 1287 qua
796 1221 892 1268 secus
912 1201 1035 1266 misere
1052 1199 1221 1265 cariturus
1238 1206 1311 1266 erat
1326 1205 1435 1289 pater.
1454 1204 1520 1266 Aut

194 1303 307 1393 potuit
334 1303 413 1369 Seth
436 1325 506 1370 esse
529 1305 702 1394 antiquius
723 1305 776 1372 vel
795 1307 906 1374 rarius
923 1304 1065 1395 aliquod
1085 1305 1360 1372 ammonitarum
1379 1327 1517 1389 nomen,

194 1408 248 1476 vel
263 1430 390 1476 nomen
412 1409 591 1478 cuiusdam
606 1433 723 1478 eorum
749 1413 863 1480 herois
889 1433 896 1479 :
924 1435 994 1503 quo
1018 1412 1158 1478 nomine
1178 1413 1214 1478 h.
1235 1410 1260 1478 l.
1284 1410 1515 1502 appellentur,

193 1515 287 1604 quod
316 1539 342 1582 s.
373 1525 533 1584 narrator
562 1517 752 1585 decieverit
775 1541 795 1585 a
819 1518 1042 1587 describendo
1071 1518 1344 1585 ammonitarum
1378 1520 1518 1585 nomine

191 1632 397 1712 temperare.
423 1623 727 1692 advertetandem
745 1631 859 1702 mac.
878 1632 921 1693 32
938 1625 1058 1692 referri
1073 1630 1168 1692 lazar
1189 1624 1288 1691 luisse
1301 1623 1423 1691 urbem
1437 1631 1517 1692 Am-

192 1730 399 1796 monitarum
418 1730 599 1812 munitam,
622 1753 726 1820 quam
743 1755 810 1798 non
825 1732 997 1800 valuerint
1020 1731 1224 1798 amorrhaei
1238 1729 1398 1816 subigere
1419 1753 1426 1798 :
1446 1731 1515 1797 lor·
1573 1799 1576 1804 ,

191 1842 277 1903 tasse
293 1836 507 1903 ammonitae
520 1836 694 1904 habebant
708 1838 808 1906 urbes
823 1839 972 1906 munitas
982 1839 1110 1930 plures,
1125 1843 1163 1905 ut
1176 1845 1254 1928 apte
1268 1837 1302 1904 h.
1316 1836 1341 1903 l.
1359 1836 1517 1904 dicantur

191 1963 309 2010 earum
325 1943 415 2008 muri
433 1942 582 2029 suffodi.
601 1980 641 1994 -
656 1949 712 2011 Est
727 1946 830 2012 etiam
844 1944 914 2013 alia
923 1944 1016 2012 vocis
1031 1961 1082 2009 nu
1097 1943 1324 2032 significati03
1343 1965 1383 2009 ea
1396 1949 1416 2009 Ξ
1431 1949 1513 2030 Reg.

194 2052 289 2130 10,1ι;
319 2053 359 2116 la.
387 2053 466 2128 aad
494 2048 653 2136 designat
675 2051 850 2140 podicem,
879 2073 967 2140 quae
992 2051 1210 2141 particularis
1235 2048 1441 2135 significatio
1463 2073 1514 2116 re-

192 2160 332 2221 vocatur
349 2153 393 2220 ad
408 2155 662 2240 generaliorem
681 2155 730 2241 id,
755 2157 849 2248 quod
870 2158 1026 2247 infimum
1041 2170 1101 2224 est.
1129 2155 1224 2224 Unde
1243 2156 1280 2221 in
1297 2155 1417 2241 lingua
1438 2179 1516 2244 syra

190 2261 222 2328 ei
237 2262 311 2327 voci
326 2259 801 2349 tribuuntursignificationes
814 2264 935 2330 cerina
945 2263 1054 2350 nevis,
1070 2263 1186 2329 alceus
1201 2261 1319 2328 muris.
1343 2262 1391 2328 Cl.
1410 2263 1453 2328 G.
1470 2265 1514 2330 H.

194 2367 368 2434 Hermetem
391 2389 404 2434 .·
430 2368 620 2435 Zeitschrift
643 2370 706 2437 der
724 2370 909 2438 deutschen
930 2368 1276 2456 morgenlitudischen
1296 2367 1514 2435 Gesellscbalt

190 2480 242 2540 lx.
278 2480 355 2556 872,
381 2473 519 2564 Leipzig
543 2481 640 2543 1855.
664 2481 754 2563 Ergo
775 2476 845 2566 filii
862 2493 914 2543 nu
935 2505 980 2538 =
1007 2497 1092 2562 gens
1111 2475 1246 2558 intima,
1264 2474 1513 2557 abiectissima,

188 2602 316 2647 nomen
337 2603 531 2668 congruens
555 2585 826 2650 Ammonitarum
854 2583 966 2670 genti,
988 2580 1159 2673 imprimis
1182 2581 1226 2647 ob
1248 2586 1325 2648 aete
1355 2581 1512 2662 Balaam,

189 2687 348 2753 Hebraeis
372 2709 540 2778 perquam
555 2711 685 2756 exosae.
713 2691 834 2780 Utique
865 2712 990 2757 nomen
1015 2690 1080 2756 hoc
1099 2711 1201 2756 sensu
1221 2710 1291 2755 non
1305 2686 1439 2754 Balaam
1464 2688 1515 2753 in·

188 2792 294 2860 seruit
310 2793 488 2878 vaticinio,
505 2794 565 2862 sed
579 2801 656 2884 post
668 2796 782 2887 ipsum
793 2796 965 2864 Hebraeus
977 2796 1113 2885 aliquis.

233 2923 265 2966 v.
284 2907 324 2967 18
341 2929 358 2962 u
372 2902 415 2966 Et
430 2900 495 2967 erit
510 2900 676 2969 Idumaea
681 2895 849 2993 possessio
858 2905 940 2984 eiua,
951 2901 1149 2969 haeredites
1162 2901 1240 2968 Scir
1253 2901 1347 2968 cedet
1363 2900 1514 2968 inincicis

187 3006 258 3073 suis
287 3035 317 3075 ».
343 3009 443 3075 Hedr.
462 3029 474 3072 .·
499 3010 543 3073 Hc
566 3009 677 3076 Hdom
690 3009 751 3097 fiet
766 3011 951 3100 possessi0‚
970 3009 1013 3076 ab
1033 3008 1196 3074 Hebraeis
1217 3007 1460 3097 possidebitur,
1479 3020 1512 3073 et

181 3112 351 3201 possessio
363 3113 422 3201 fiet
441 3113 528 3199 Scir,
558 3114 693 3181 inilicici
716 3138 845 3183 eorum.
868 3121 933 3182 Pro
954 3115 1028 3182 Seir
1044 3115 1139 3180 Sam.
1160 3129 1236 3186 ant,
1247 3113 1400 3203 populus
1412 3112 1484 3179 cius
1499 3135 1511 3179 .·

187 3242 232 3286 sc.
258 3218 401 3285 Seiritae
426 3242 446 3286 a
470 3219 611 3308 posteris
633 3220 738 3286 Edem
763 3221 911 3299 subacti,
937 3220 1038 3312 plebs
1061 3225 1172 3300 eraut,
1200 3218 1252 3285 illi
1276 3218 1390 3286 classis
1411 3219 1511 3286 nobi-

186 3327 282 3392 lium.
308 3325 447 3392 Inimici
466 3349 582 3393 corum
602 3347 672 3393 non
695 3328 843 3394 refertur
861 3328 906 3398 ad
933 3325 1060 3407 Edem,
1085 3325 1184 3416 quasi
1207 3324 1379 3392 Edomitas
1395 3326 1511 3393 etSei-

187 3431 269 3500 ritas
296 3433 387 3498 inter
410 3454 445 3500 se
473 3433 717 3500 contendentes
746 3434 866 3501 ambos
895 3432 1073 3501 subacturi
1099 3433 1169 3498 sint
1193 3431 1353 3514 Hebraei3
1381 3431 1440 3497 sed
1468 3430 1511 3497 ad

186 3538 293 3605 lsrael
310 3561 321 3605 :
336 3538 511 3607 Edomitae
526 3545 560 3607 et
574 3539 715 3608 Seiritae
731 3541 834 3608 ambo
854 3544 957 3607 erunt
971 3539 1201 3606 Israelitarum
1216 3539 1346 3621 hostes,
1365 3538 1513 3627 ideoque

187 3645 289 3712 ambo
309 3646 431 3713 cedent
456 3647 492 3712 in
514 3647 742 3714 lsraelitarum
764 3653 979 3737 potestatem.
1006 3650 1087 3712 Cum
1114 3667 1195 3712 varo
1219 3651 1314 3713 Deut.
1336 3651 1393 3728 ’2,5
1415 3664 1510 3734 sqq.;

187 3759 265 3834 aar
288 3757 373 3818 Deus
405 3752 577 3818 Edomitas
607 3753 768 3821 Hebraeis
792 3751 1009 3820 commendet
1035 3758 1073 3818 ut
1096 3753 1235 3835 iratres,
1262 3756 1358 3841 patet
1380 3751 1514 3818 futuras

185 3859 261 3925 illas
275 3858 475 3924 im'micitics
490 3858 535 3925 ab
554 3858 635 3947 ipsis
645 3860 809 3927 Edomitis
821 3861 859 3926 in
872 3858 1043 3926 Hebraeos
1057 3879 1128 3926 esse
1148 3858 1362 3947 proiecturas
1376 3855 1512 3943 (Heiode

186 3989 220 4055 p.
241 3971 306 4032 269
332 3967 433 4054 sqq).
460 3993 474 4026 ιι
498 3963 605 4031 Israel
630 3988 704 4033 uero
727 3965 864 4054 sortiter
885 3978 964 4054 uqet
988 3993 1022 4047 o,
1046 3963 1147 4032 Hebr.
1167 3963 1275 4054 faciet
1303 3965 1416 4046 robur,
1433 3963 1457 4028 i.
1479 3984 1508 4028 e.

186 4073 266 4160 Syr.
296 4073 398 4137 robur
421 4073 575 4157 ecqzu'ret
599 4093 662 4159 per
688 4071 849 4162 repetitas
869 4071 1046 4153 victorias,
1069 4077 1102 4137 et
1126 4069 1207 4136 hinc
1231 4069 1336 4136 etiam
1353 4067 1512 4158 proficiet

187 4177 304 4266 opibus
325 4176 493 4266 (Chald).
523 4200 555 4245 v.
582 4183 622 4244 19
643 4207 658 4239 a
679 4182 728 4244 De
743 4181 842 4245 Iacob
860 4180 940 4264 cccl,
968 4178 1031 4266 qui
1045 4176 1240 4244 dominetur
1254 4188 1286 4242 ct
1297 4174 1421 4266 perdat
1434 4175 1511 4242 reli-

187 4283 286 4372 quias
303 4283 453 4350 civitatis
477 4311 506 4350 u.
535 4289 655 4352 Forma
677 4285 774 4352 verbi
793 4286 919 4353 iussiva
938 4283 1141 4375 exprimitur
1162 4283 1248 4350 haee
1267 4280 1396 4349 oraculi
1415 4281 1510 4350 clau-

185 4390 261 4457 sula
284 4412 291 4458 :
314 4394 491 4458 Decretum
512 4395 560 4457 est
572 4413 593 4456 a
607 4391 720 4474 lahve,
737 4396 791 4472 ut,
816 4388 931 4479 quide
953 4392 1050 4456 Iacob
1067 4401 1129 4469 est,
1148 4389 1248 4455 stella
1268 4388 1327 4455 illa
1339 4411 1399 4455 seu
1415 4411 1508 4477 scep-

186 4503 296 4576 trum,
323 4495 517 4563 dominetur
542 4509 574 4562 ιιι
600 4496 776 4586 disperdat
801 4497 938 4564 relictos
962 4499 1021 4562 Ar.
1044 4495 1176 4562 Etenim
1199 4511 1250 4563 uu
1277 4501 1326 4562 est
1353 4510 1438 4560 ztan
1455 4509 1508 4570 ut,

188 4603 270 4669 urbs
283 4601 505 4670 Moabitarum
519 4609 644 4692 caput:
668 4605 768 4670 Hoab
784 4626 816 4669 v.
837 4611 876 4670 17
892 4603 1023 4694 primus
1038 4601 1281 4669 recensebatur
1292 4623 1432 4681 eorum,
1450 4601 1510 4690 qui

187 4716 298 4778 essent
318 4707 501 4796 subigendi
521 4729 528 4774 :
549 4730 675 4776 nomen
695 4713 745 4776 Ar
764 4710 941 4777 oraculum
963 4707 1102 4776 claudit.
1121 4707 1297 4794 Intelligat
1310 4709 1376 4774 hoc
1391 4705 1507 4789 Balao,

188 4815 222 4882 in
246 4815 337 4884 bello
354 4821 473 4883 eontra
488 4815 659 4883 Hebraeos
675 4837 744 4882 non
759 4837 830 4882 esse
848 4814 1001 4882 Hoabitis
1013 4835 1120 4905 spem.
1138 4817 1210 4880 Non
1223 4813 1335 4880 solum
1350 4811 1510 4881 Hoabitas
