3538 5404
732 413 806 456 uuu.
831 397 883 467 5,9
904 413 948 464 so.
1243 399 1245 406 “
1461 403 1498 459 15

216 551 390 602 Verisimile
409 553 465 610 est,
482 551 558 600 haud
571 563 651 600 raras
669 549 704 600 de
723 551 860 600 divisione
879 551 1056 599 victimarum
1076 549 1162 600 luisse
1178 551 1243 601 lltes
1262 548 1303 616 (cl.
1325 551 1334 600 1
1351 551 1420 614 Reg.
1435 552 1496 611 bit

178 641 245 705 sq.)‚
262 640 381 704 ideoque
397 640 449 689 hoc
464 641 600 689 monitum
615 640 669 689 hoe
681 641 806 701 praecise
826 642 952 702 tempore
967 637 1051 688 luisse
1067 645 1263 702 opportunum.
1280 640 1343 689 Non
1361 641 1453 704 agitur
1464 641 1498 692 de

177 730 321 794 primitiis.
337 735 439 784 annun
458 731 573 777 vocatur
592 727 643 778 Ex.
664 727 743 788 ausa
760 728 878 790 pecunia
898 741 1013 788 census,
1027 727 1076 777 sed
1095 729 1166 778 haec
1180 728 1217 777 ib.
1238 728 1367 778 tribuitur
1378 743 1433 778 non
1453 742 1500 779 sa-

178 818 354 880 cerdotibus,
377 819 426 867 sed
451 819 514 867 usui
536 818 699 867 sanctuaril.
714 817 859 866 Vocantur
873 816 923 865 Ex.
939 815 1002 872 153
1010 830 1016 877 ;
1037 815 1099 878 35,5
1120 817 1194 866 dona
1215 817 1317 867 collata
1341 831 1358 867 a
1381 819 1498 881 populo,

179 907 281 971 quihus
302 905 514 956 tabernaculum
535 909 563 955 et
583 917 663 955 sacra
682 907 777 955 omnia
796 903 1009 956 conficerentur.
1025 905 1169 954 Vocantur
1184 905 1267 955 Num.
1284 905 1364 964 31‚50
1379 907 1453 956 dona
1467 906 1502 956 de

178 995 284 1060 praeda
307 995 367 1045 Deo
391 995 495 1044 oblata.
518 994 662 1044 Vocantur
682 994 819 1056 imprimis
841 993 908 1043 Lev.
927 993 1000 1054 hii.
1022 993 1056 1043 31
1080 999 1107 1044 et
1129 996 1235 1057 passim
1255 1007 1305 1044 eae
1325 996 1501 1044 victimarum

178 1087 287 1148 partes,
304 1096 376 1147 quae
389 1082 527 1134 sacerdoti
541 1081 723 1133 sacrificatori
739 1082 884 1132 cedebant.
902 1082 976 1145 Ergo
998 1084 1150 1132 universim
1171 1083 1250 1132 dena.
1269 1082 1312 1133 Ad
1327 1084 1500 1134 victimarum

183 1177 278 1222 autem
303 1175 397 1235 partes
412 1173 440 1221 h.
457 1173 475 1222 1.
493 1183 549 1221 vox
569 1171 744 1221 contrahitur
763 1170 902 1234 adscripto
916 1149 1014 1226 &aaut
1039 1177 1086 1226 ti:
1106 1175 1186 1254 ilitip
1208 1150 1275 1228 135.
1297 1173 1372 1235 quod
1387 1172 1498 1236 quidem

182 1261 259 1324 Vutp.
275 1263 396 1324 ignorat.
413 1241 430 1316 5
445 1261 508 1310 lli
523 1257 603 1324 (κατά)
621 1265 649 1310 et
661 1261 723 1322 Syr.
739 1264 814 1309 recte
831 1261 1049 1323 interpretantur
1063 1273 1119 1310 non
1134 1259 1272 1320 dativum,
1289 1261 1338 1312 sed
1355 1261 1499 1310 limitatio-

178 1363 243 1402 nem
260 1363 266 1399 :
283 1349 381 1413 quoad.
398 1349 527 1399 lamvcro
543 1353 648 1430 uturp
665 1354 744 1432 turp
762 1347 839 1414 (Lev.
858 1347 931 1409 5³2&
949 1347 1004 1408 r,6;
1022 1347 1056 1398 ci.
1072 1348 1145 1410 6,‘25.
1158 1348 1191 1398 29
1207 1351 1235 1398 et
1249 1349 1305 1410 7,1.
1323 1345 1346 1415 6)
1363 1354 1498 1400 vocantur

179 1451 230 1490 eae
243 1444 339 1502 partes
362 1440 537 1488 victimarum
554 1450 604 1500 pro
618 1440 734 1501 peccato
754 1438 782 1487 et
794 1449 846 1500 pro
861 1436 977 1498 delicto,
1000 1449 1072 1502 quae
1096 1436 1287 1488 sacerdotibus
1308 1437 1496 1488 comedendae

178 1526 380 1588 conceduntur,
403 1527 470 1576 dum
484 1526 562 1576 laicis
585 1526 656 1575 nihil
679 1515 882 1576 comedendum
905 1526 1074 1589 permittitur
1080 1539 1087 1586 ;
1105 1529 1211 1610 niwnp
1226 1526 1304 1589 (Lev.
1322 1526 1417 1587 uisu
1434 1525 1498 1588 ihi

178 1615 252 1682 sqq.)
266 1623 331 1666 sunt
347 1629 396 1666 eae
414 1619 510 1678 partes
526 1615 702 1664 victimarum
719 1613 912 1678 parificarum,
929 1627 1001 1678 quae
1020 1613 1208 1666 comedendae
1226 1615 1425 1678 permittuntur
1444 1617 1496 1676 ita,

178 1711 209 1755 ut
223 1709 299 1755 certa
313 1717 379 1768 pars
393 1709 494 1760 nninn
509 1704 563 1754 soli
576 1703 714 1753 sacerdoti
734 1701 921 1753 sacrificatori.
930 1703 1071 1768 obtingat,
1088 1702 1196 1767 reliqua
1210 1704 1299 1755 laicis.
1318 1703 1359 1754 De
1379 1706 1431 1754 hae
1446 1705 1499 1767 igi-

178 1797 224 1843 tur
237 1799 338 1850 anian
348 1794 407 1856 agit
419 1797 515 1843 noster
528 1806 554 1840 v.
570 1793 595 1841 9.
612 1805 653 1855 sq.

224 1981 257 2024 v.
279 1964 332 2023 9«
357 1959 481 2024 Omnes
503 1979 638 2047 quoque
649 1956 845 2046 primitiae,
870 1979 956 2046 qum
982 1956 1134 2045 esserunt
1146 1956 1217 2044 filii
1230 1958 1352 2042 Israel,
1381 1956 1430 2023 ad
1446 1981 1498 2024 sa-

179 2061 346 2131 cerdotem
366 2063 542 2154 pertinent
564 2090 594 2129 n.
618 2068 716 2129 Verte
742 2085 750 2130 ;
772 2065 879 2129 Omne
897 2086 1031 2153 quoque
1051 2061 1178 2130 dentem
1202 2062 1243 2128 de
1264 2063 1421 2130 circuitus
1434 2085 1499 2153 pa-

180 2170 287 2259 cificis
315 2169 468 2260 filiorum
492 2169 616 2256 Israel,
650 2191 737 2260 qrtue
763 2167 935 2236 sacerdoti
961 2171 1131 2260 offerunt,
1159 2169 1207 2236 ed
1235 2193 1312 2236 eum
1329 2171 1497 2261 pertinet,

180 2278 239 2344 ubi
260 2279 367 2358 LXX,
387 2266 460 2369 pub
475 2277 650 2343 trahentes
670 2275 715 2342 ad
729 2276 910 2365 apodosin,
929 2282 1007 2342 ante
1025 2298 1145 2342 vocem
1170 2276 1225 2365 pie
1245 2278 1400 2343 inserunt
1414 2291 1496 2346 nint,

181 2391 355 2452 monentes
370 2383 460 2450 dona
478 2383 593 2449 offerri
611 2381 751 2448 tandem
777 2403 848 2448 non
873 2381 1041 2448 sacerdoti
1070 2382 1219 2460 homini,
1244 2383 1303 2449 sed
1329 2383 1393 2472 ipsi
1415 2388 1495 2450 Dec.

180 2513 212 2556 v.
236 2497 276 2558 10
293 2518 307 2552 u
327 2493 373 2557 Et
387 2488 562 2580 quidquid
573 2488 610 2553 iu
633 2487 869 2554 sanctuarium
893 2487 1046 2576 offertur
1071 2511 1092 2555 a
1117 2486 1264 2578 sinpulis
1291 2502 1323 2555 et
1350 2488 1498 2559 truditur

179 2596 360 2685 [menibus]
377 2595 580 2680 sacerdotis,
610 2595 718 2685 ipsius
748 2595 814 2661 erit
833 2623 864 2662 n.
883 2599 981 2662 Verte
1003 2616 1012 2663 ε
1032 2598 1076 2660 Et
1095 2595 1361 2685 uniuscuiusque
1380 2609 1498 2663 sancte

181 2703 312 2795 (uturp)
336 2703 522 2772 universim
545 2707 695 2792 spectata
722 2701 828 2792 ipsius
851 2714 951 2787 sunt;
976 2700 1070 2791 quod
1087 2724 1163 2769 cero
1184 2701 1350 2794 citiusque
1365 2704 1500 2770 aduenit

179 2810 349 2878 sacerdoti
372 2810 434 2906 (pp
455 2814 532 2876 Lev.
563 2814 680 2889 11‚38;
705 2814 803 2876 Num.
830 2807 966 2896 east),
992 2806 1040 2874 ed
1062 2831 1140 2874 eum
1160 2809 1357 2897 pertinebit.
1385 2815 1500 2877 Sacer-

180 2917 240 2984 dos
263 2916 390 2984 haheat
416 2909 535 2988 nnita,
561 2915 640 2982 laici
662 2915 796 3005 reliqua
825 2929 945 3006 uturp.
971 2920 1020 2981 lta
1043 2917 1188 2982 vertitur
1209 2916 1375 2983 sententia
1398 2917 1497 2983 facile

181 3030 214 3089 et
231 3023 358 3112 absque
373 3022 585 3111 pleonasmo.

553 3243 604 3291 111.
619 3243 686 3290 Lux
701 3241 911 3290 ZELOE'YPIAE
926 3241 1008 3290 NUM.
1024 3245 1126 3303 ull-tl.

225 3423 308 3511 Arp.
324 3459 369 3471 -
384 3420 433 3488 hd
453 3420 635 3510 sopiendas
654 3421 859 3487 maritorum
877 3419 1014 3509 iniquas
1029 3420 1066 3485 in
1079 3441 1199 3486 uxores
1213 3416 1423 3509 suspiciones
1437 3441 1497 3511 ap-

181 3517 305 3618 probat
320 3529 422 3595 lahve
438 3549 500 3616 per
523 3532 655 3615 llcpsen
681 3526 858 3616 antiquam
879 3525 1069 3616 zelotypiae
1086 3525 1219 3612 legem,
1237 3548 1306 3615 qua
1327 3525 1499 3594 severissi-

181 3633 245 3700 mis
267 3634 304 3700 in
328 3633 501 3701 adulteras
525 3633 644 3700 edictis
669 3633 791 3722 poenis
812 3633 978 3719 coniuges
998 3632 1042 3698 ad
1066 3632 1209 3721 pacifice
1230 3632 1497 3700 cohabitandum

181 3745 396 3808 revocantur.

226 3846 331 3913 lluius
353 3846 492 3936 quidem
517 3846 602 3933 legis
620 3846 712 3934 apud
734 3844 820 3912 alias
845 3851 965 3931 gentes
984 3844 1224 3911 desiderantur
1237 3846 1394 3932 vestigia.
1411 3851 1500 3924 Quae

181 3952 280 4020 affert
294 3955 337 4020 E.
359 3955 398 4018 F.
411 3955 451 4020 K.
464 3951 698 4018 ltesenmr'illcr
710 3951 786 4038 (Das
801 3951 869 4018 alte
884 3973 917 4019 u.
931 3973 1020 4018 neue
1032 3950 1253 4039 llorgenlaud
1269 3956 1309 4018 ll.
1325 3957 1390 4017 226
1408 3973 1498 4040 sqq.‚

181 4058 320 4149 Leipzig
345 4061 461 4148 1818),
490 4064 522 4126 et
544 4081 654 4148 pauca
685 4065 764 4124 sunt
792 4063 825 4124 et
852 4057 989 4144 longius
1022 4062 1199 4147 petuntur.
1228 4057 1502 4124 llohammedani

181 4187 315 4232 morem
340 4166 571 4233 sanandorum
597 4165 798 4232 morborum
817 4170 900 4255 potu
920 4187 1031 4254 aquae
1053 4165 1170 4255 aliqua
1193 4163 1314 4230 Corani
1332 4164 1503 4232 sententia

182 4271 312 4340 dilutae
337 4273 381 4339 ab
401 4273 563 4340 Hebraeis
582 4273 723 4339 fortasse
740 4279 817 4361 post
838 4277 972 4358 Moysen
984 4277 1248 4360 transumpsere.
1274 4269 1503 4338 Nihilominus

182 4378 292 4468 Iegem
316 4378 507 4470 zelotypiae
527 4377 624 4470 uprcd
643 4381 812 4445 Hebraeos
832 4381 948 4466 Mopse
964 4400 1033 4444 csse
1057 4376 1287 4465 antiquiorem
1312 4399 1499 4446 censemus.

183 4491 237 4552 Est
252 4485 342 4552 euim
361 4485 421 4551 illa
436 4485 546 4553 affinis
561 4486 678 4572 legum
698 4490 774 4552 Lev.
797 4491 907 4566 11-15,
929 4505 1018 4572 quae
1044 4506 1162 4550 omnes
1181 4488 1289 4572 Moyse
1309 4491 1387 4550 suut
1410 4487 1501 4552 anti-

182 4593 331 4682 quiores,
352 4592 404 4659 Uti
424 4593 506 4674 hae,
528 4591 680 4658 clausula
701 4620 716 4652 «
740 4596 826 4658 llaec
840 4597 889 4657 est
904 4591 1007 4658 thora
1025 4618 1041 4652 n
1058 4589 1264 4676 obsignatur
1279 4591 1315 4656 iu
1336 4591 1404 4657 fine
1422 4596 1498 4658 tan·

181 4707 273 4782 tum,
296 4721 367 4767 non
386 4699 435 4767 uli
463 4697 633 4788 quaedam
656 4700 749 4785 leges
772 4721 793 4765 a
815 4703 922 4786 Moyse
945 4698 1118 4787 profectae
1146 4698 1236 4788 (Lev.
1263 4704 1332 4779 6,9.
1356 4703 1409 4764 rt.
1442 4705 1496 4767 ac.

183 4811 244 4886 253
267 4812 338 4886 ’1,1.
364 4806 420 4894 11)
440 4805 551 4872 initio.
579 4803 719 4870 Orditur
739 4804 856 4871 verbis
874 4819 981 4868 taum
1002 4819 1067 4868 ritu
1088 4805 1143 4894 (cf.
1170 4809 1255 4872 CEL
1274 4826 1309 4893 p.
1327 4803 1412 4891 12).
1436 4807 1499 4871 lm-
