3538 5404
255 401 296 461 30
679 411 760 456 acra
781 410 934 457 sincrum
954 412 1153 458 eosramora.

256 556 354 617 tenus
371 547 563 616 sacerdotes
579 546 634 612 vel
652 545 771 611 fideles
783 544 853 612 illis
867 567 951 636 opus
966 545 1159 613 habebunt.
1173 568 1205 611 v.
1224 552 1243 612 9
1262 571 1278 606 a
1295 545 1467 636 Dabisqne
1484 545 1572 614 dono

255 655 373 724 lec-iras
400 683 416 716 »
448 677 477 720 v.
504 661 544 720 10
573 655 732 718 «Aaron
760 665 792 718 et
816 652 901 741 filies
925 653 1014 736 eires,
1042 652 1165 742 quibus
1189 651 1311 718 traditi
1331 664 1412 720 sant
1441 677 1463 720 a
1487 653 1573 741 filiis

254 760 362 830 Israel
386 789 415 828 o.
442 766 506 826 Pro
531 758 636 840 dorca,
656 757 779 849 quibas
796 758 918 826 traditi
936 772 1016 826 scint
1036 771 1114 840 etc,
1131 759 1234 826 Helu.
1255 780 1269 823 .·
1284 757 1428 842 donum,
1446 758 1574 826 eteorum

255 869 297 936 de
317 868 403 957 filiis
423 867 543 934 lsrael.
570 870 644 932 Non
668 865 762 932 enim
784 865 847 931 filii
865 865 969 932 lsrael
987 865 1088 947 dant,
1110 864 1170 932 sed
1189 868 1314 952 Moyses
1332 865 1414 954 ipsis
1428 887 1498 932 non
1521 888 1574 932 ro-

254 977 343 1064 gatis
363 975 409 1063 (v.
437 973 506 1062 tn).
540 972 691 1040 Inculcot
712 993 816 1061 porro
838 975 923 1038 Deus
948 993 1018 1038 non
1042 971 1179 1052 levitas,
1206 971 1263 1038 sed
1285 971 1373 1038 solos
1396 973 1573 1043 aaronitas

252 1081 442 1150 sacerdotio
470 1100 539 1148 esse
558 1079 736 1146 iuncturos
762 1099 814 1172 :a
838 1079 956 1145 Aaron
984 1090 1100 1144 autem
1129 1089 1161 1143 et
1183 1077 1276 1166 filios
1298 1077 1371 1144 eius
1391 1079 1573 1146 corastitnes

253 1187 508 1278 superantium
531 1183 715 1252 sacerdotii
738 1211 769 1251 n.
795 1184 862 1252 Sed
892 1186 993 1252 Hebr.
1017 1183 1264 1267 sumeretis,
1289 1196 1322 1251 et
1352 1187 1573 1252 observabant

252 1293 478 1364 sacerdotium
495 1315 607 1360 sarem.
629 1291 809 1360 Constituti
825 1291 896 1358 iam
916 1292 1051 1358 fuerant
1075 1297 1176 1358 antee
1198 1291 1242 1380 (v.
1268 1293 1316 1376 3),
1340 1291 1401 1358 sed
1419 1291 1573 1358 nondum

252 1400 440 1482 numerati,
478 1421 567 1489 quae
604 1399 796 1465 numeratio
835 1398 894 1464 hio
927 1398 1120 1484 generatim
1160 1385 1396 1480 annuntiatur,
1437 1399 1573 1484 singula

253 1515 369 1599 postea
388 1505 612 1597 explicantur.
640 1505 728 1571 Finis
749 1504 998 1572 numerationis
1022 1503 1238 1572 sacerdotum
1262 1525 1331 1570 nou
1352 1509 1421 1586 est,
1438 1511 1475 1571 ut
1490 1511 1573 1596 quot

254 1615 322 1682 sint
346 1611 450 1680 armis
476 1611 651 1698 gestandis
681 1633 781 1700 pares
804 1610 1068 1692 demonstretur,
1090 1609 1151 1676 sed
1174 1617 1211 1676 ut
1238 1611 1434 1678 nominibus
1460 1619 1573 1678 Aaron

254 1720 469 1809 duorumque
485 1719 634 1787 filiorum
650 1739 823 1784 aneorum
840 1717 1003 1806 deinceps
1020 1724 1235 1806 posterorum
1254 1717 1291 1783 in
1305 1715 1489 1784 elenchum
1504 1718 1573 1784 col-

254 1827 349 1907 latis,
372 1827 570 1893 authentico
585 1824 790 1892 documento
807 1823 943 1890 definiri
964 1827 1086 1913 queat,
1102 1822 1161 1914 qui
1177 1823 1247 1890 sint
1260 1823 1452 1890 sacerdotes
1471 1823 1573 1913 quive

253 1955 335 2000 non.
364 1959 380 1994 a
409 1935 596 2016 Eaternus,
623 1931 687 2020 qni
713 1929 774 2016 [ad
801 1929 1082 2016 niiaistrandam]
1116 1930 1307 2014 accesserit,
1339 1930 1505 1996 ricorietur
1539 1958 1570 1996 a.

252 2044 357 2116 Quem
375 2051 553 2106 arternum
566 2039 812 2127 interpretatur
834 2038 882 2103 So
905 2065 920 2098 u
941 2058 1011 2103 nou
1035 2037 1229 2103 aaronitam
1257 2065 1293 2118 a,
1312 2042 1350 2103 ut
1372 2038 1482 2124 igitur
1500 2057 1572 2103 mo-

253 2151 400 2213 neantur
423 2145 562 2228 levitae,
579 2165 623 2211 ne
644 2142 711 2210 sibi
731 2142 959 2210 sacerdotium
983 2164 1147 2231 arrogare
1174 2148 1358 2225 attentent;
1376 2143 1418 2209 de
1438 2165 1506 2232 quo
1527 2144 1569 2209 cf.

253 2274 328 2343 cap.
349 2258 390 2319 16
415 2274 491 2342 sqq.
513 2249 628 2318 llelins
650 2250 724 2318 Coi.
753 2249 1001 2339 interpretatur
1027 2275 1042 2311 ι(
1063 2271 1134 2316 non
1154 2248 1328 2316 levitam»
1354 2251 1477 2317 :etiam
1496 2271 1529 2315 v.
1552 2256 1571 2316 6

254 2375 313 2452 :tp
335 2359 376 2425 de
402 2359 511 2425 levitis
539 2355 804 2447 praedicabatur
826 2363 859 2423 et
884 2377 1034 2446 aequum
1053 2361 1142 2438 erat,
1164 2361 1203 2424 ut
1223 2356 1278 2423 vel
1300 2358 1412 2445 primo
1431 2356 1498 2423 hoo
1518 2355 1572 2421 di-

253 2465 334 2532 vino
364 2464 502 2553 eloquio
528 2463 614 2530 illud
642 2462 892 2544 enuntiaretur,
923 2463 1011 2530 solos
1039 2462 1159 2529 levitas
1187 2462 1232 2529 ad
1259 2462 1451 2530 ministeria
1476 2483 1573 2529 sacra

253 2571 402 2637 admitti.
424 2569 564 2636 Videtur
587 2568 680 2636 idem
704 2569 829 2636 sentire
859 2567 958 2658 Valp.
979 2568 1142 2659 supplens
1158 2567 1304 2636 verbnm
1328 2568 1568 2652 ministrandi,
1590 2579 1593 2584 ’

253 2699 322 2766 qno
345 2675 467 2744 eadem
488 2699 519 2742 v.
547 2683 577 2742 6.
600 2674 751 2741 80111010
771 2674 955 2742 levitarum
974 2675 1149 2764 exprimit,
1167 2673 1251 2742 dum
1276 2697 1307 2743 v.
1330 2682 1370 2742 10
1391 2675 1504 2742 officia
1518 2697 1571 2742 se-

253 2784 429 2850 cerdotum
451 2781 611 2872 exprimit
633 2802 716 2846 vooe
737 2781 879 2847 cultam.
907 2787 966 2863 At,
989 2781 1165 2870 quomodo
1189 2781 1353 2848 morietur
1371 2781 1450 2848 ille?
1478 2809 1493 2842 «
1518 2787 1571 2848 lu-

251 2889 336 2956 dicis
350 2887 517 2956 sententia
534 2917 572 2968 »,
593 2887 641 2953 ait
668 2890 741 2955 Vnt.
754 2909 767 2970 ,·
784 2895 902 2954 tamen
924 2888 1067 2956 llebraei
1090 2888 1178 2978 prae
1191 2887 1299 2954 oeulis
1318 2888 1483 2956 habentes
1504 2889 1573 2956 fac-

252 3000 323 3062 tum
348 3001 425 3063 Lev.
449 3003 489 3062 10
516 2994 570 3064 vix
593 3014 663 3060 non
687 2999 845 3082 poterant
867 2994 1019 3080 cogitare
1039 2993 1080 3061 de
1102 2998 1261 3083 portento
1285 2995 1435 3084 quodam
1454 2995 1570 3061 divino

256 3103 324 3192 (rs.
347 3102 449 3192 aa).

368 3325 499 3385 Eloquium
514 3328 536 3373 2.
552 3325 671 3373 rLevitae
685 3325 740 3372 loco
751 3323 972 3385 primogenitorum
988 3324 1080 3372 monii
1094 3325 1251 3372 declarantur
1263 3325 1337 3372 Num.
1354 3327 1456 3385 all-13.

296 3535 329 3577 v.
353 3517 390 3577 11
414 3539 429 3572 «
449 3515 662 3600 Locatasqcee
684 3524 732 3576 est
746 3510 912 3577 Darninns
927 3509 975 3576 ad
996 3511 1137 3598 Moysen
1152 3509 1268 3578 dicens
1284 3530 1319 3590 »;
1338 3533 1371 3578 v.
1399 3517 1440 3577 12
1456 3539 1473 3573 a
1494 3513 1569 3600 Epo

252 3617 317 3684 udi
340 3617 458 3683 levitas
473 3639 495 3684 a
514 3617 600 3705 filiis
614 3615 724 3682 Israel
741 3645 757 3677 »
780 3655 825 3666 -
839 3615 942 3684 Hebr.
966 3637 979 3682 .·
1000 3615 1041 3683 de
1067 3616 1180 3684 medio
1193 3617 1222 3703 s.
1240 3620 1267 3684 I.
1288 3656 1333 3668 --
1355 3644 1370 3678 «
1386 3639 1451 3706 pro
1477 3618 1573 3684 omni

249 3724 496 3814 primogenito,
520 3724 583 3812 qai
601 3722 714 3811 aperit
729 3723 867 3790 calnam
889 3722 927 3789 irc
948 3722 1033 3811 filiis
1048 3723 1156 3790 Israel
1181 3749 1211 3792 ›>‚
1234 3724 1458 3792 Praeteritum
1474 3725 1571 3792 verbi

251 3835 347 3920 potes
359 3830 486 3897 referre
499 3828 545 3895 ad
560 3828 737 3896 decretum
749 3851 783 3896 v.
802 3837 842 3896 13
856 3829 893 3895 in
908 3829 983 3919 ipsa
996 3830 1121 3914 exodo,
1136 3853 1195 3898 sen
1208 3831 1338 3898 ratione
1353 3830 1459 3921 ipsius
1473 3831 1570 3899 exodi

250 3945 327 4006 ante
342 3940 564 4025 conceptum;
583 3936 708 4003 referes
725 3941 841 4002 tamen
860 3935 973 4004 verius
993 3935 1036 4003 ad
1056 3941 1272 4025 praesentem
1291 3936 1420 4004 decreti
1434 3959 1571 4006 emean-

250 4047 396 4127 tionem,
414 4043 511 4112 ouius
525 4042 653 4110 decreti
672 4041 936 4109 irrevocabilem
953 4043 1149 4110 firmitatem
1169 4066 1209 4110 ea
1224 4044 1443 4135 verbiforma
1459 4045 1570 4134 expri-

251 4151 324 4218 mit.
339 4151 498 4240 Sequitur
510 4139 707 4239 apud‘Sam.
726 4149 782 4238 (oi.
796 4149 899 4238 LXX)
911 4163 972 4214 1πο
990 4164 1116 4222 nutare,
1133 4149 1321 4240 redemptio
1335 4164 1446 4218 cestra
1456 4163 1568 4218 eruent.

252 4285 268 4319 a
299 4261 474 4345 Erorrtque
490 4256 611 4323 levitae
631 4255 699 4322 mei
712 4283 743 4322 ».
765 4261 831 4323 Deo
843 4255 1019 4323 decretum
1031 4257 1271 4346 promulgante
1286 4279 1389 4324 eausa
1401 4258 1567 4325 finitaest.

251 4371 303 4444 At,
325 4385 386 4429 our
407 4361 636 4452 redemptioni
650 4362 965 4452 prirnopcoitoram
985 4364 1099 4450 potius
1123 4369 1171 4430 est
1194 4363 1304 4448 locus,
1326 4387 1432 4453 quam
1452 4385 1570 4432 eorum

252 4469 312 4560 qui
330 4469 437 4536 serius
456 4475 653 4552 nascuntur,
681 4489 761 4537 oum
781 4474 896 4536 tamen
919 4470 991 4536 nati
1015 4491 1132 4535 omnes
1151 4470 1282 4560 pariter
1300 4471 1436 4538 subsint
1456 4471 1570 4538 domi·

253 4560 311 4644 nio
324 4575 405 4644 nei?
423 4575 597 4642 Rationem
612 4575 754 4664 accipe:
776 4597 808 4641 r.
835 4580 874 4641 13
896 4603 911 4635 ι(
931 4577 1045 4641 Meceni
1062 4589 1111 4642 est
1133 4577 1224 4642 enim
1243 4599 1340 4644 omne
1353 4576 1570 4668 0010009001-

254 4696 326 4750 tam
349 4711 365 4744 »
386 4679 525 4770 speciali
549 4681 675 4749 titulo:
702 4709 718 4744 a
743 4705 785 4746 ra
811 4703 878 4770 qcco
907 4709 944 4762 »,
976 4703 1035 4748 seu
1055 4683 1169 4751 verius
1191 4682 1346 4773 quanda,
1378 4709 1394 4744 o
1415 4681 1570 4773 perarari

249 4788 497 4885 primogenitos
515 4787 553 4854 in
576 4800 667 4854 terra
688 4787 856 4877 Aegypti,
882 4787 1098 4878 sanctificari
1119 4788 1206 4856 midi
1230 4817 1265 4876 o,
1295 4818 1311 4852 u
1337 4789 1464 4857 retinui
1483 4789 1571 4856 mihi
