3522 5410
199 693 200 696 ,
286 631 360 692 Cum
388 647 479 708 opus,
508 629 556 690 oui
582 629 689 690 titulus
712 633 782 689 est:
807 627 1054 690 Commentarius
1070 628 1100 688 in
1120 629 1282 701 Numeros,
1302 631 1371 690 aP.
1388 633 1500 694 lirano.
1519 650 1578 693 von

244 763 477 837 llummeleuer,
494 768 620 824 nostrae
636 761 801 823 societatis
820 761 999 835 Sacerdote,
1023 762 1233 841 compositum
1249 762 1347 844 aliqui
1366 763 1506 827 eiusdem
1522 767 1579 826 So-

244 895 362 958 cietetis
378 895 543 968 reviseres,
561 897 674 976 quibus
690 894 720 957 id
736 895 939 956 commissum
954 895 1021 969 luit,
1039 897 1279 974 recognoverint
1304 903 1334 957 et
1355 896 1386 958 in
1406 897 1508 960 lucem
1527 900 1577 960 edi

243 1049 334 1108 posse
359 1029 571 1109 probaverint,
588 1028 769 1090 facultatem
791 1028 1001 1102 concedimus,
1020 1036 1053 1090 ut
1068 1029 1151 1109 typis
1168 1031 1346 1106 mandetur,
1365 1030 1389 1090 si
1406 1030 1513 1104 italis,
1537 1033 1577 1092 ed

243 1180 323 1242 quos
350 1161 498 1240 pertinet,
524 1159 692 1222 videbitur.

282 1297 314 1354 lu
330 1312 465 1375 quorum
482 1295 573 1356 fidem
590 1295 648 1356 has
664 1293 784 1356 litteras
796 1312 891 1356 manu
907 1299 1015 1356 nostra
1030 1293 1225 1376 subscriptas
1244 1301 1275 1356 et
1290 1295 1393 1376 sigillo
1406 1295 1573 1360 Societatis

103 1483 104 1486 ,
142 1497 143 1500 ¹
187 1483 190 1492 ,
242 1433 364 1490 nostrae
379 1429 517 1490 munitas
533 1425 689 1490 dedimus.

334 1667 453 1724 lixaetan
472 1673 486 1716 o
502 1669 558 1717 oct.
577 1668 645 1717 1893.

1039 1811 1189 1870 Heumcus
1209 1810 1343 1883 ἨΑΑΝ,
1376 1810 1405 1872 S.
1428 1812 1451 1870 l.

982 1923 1159 1989 ¹praepositus
1174 1923 1324 1976 Provinciae
1339 1925 1494 1976 Germaniae.

757 2411 1047 2474 IMPRIMATUR

469 2647 580 2706 Parisiis,
601 2647 642 2698 die
658 2652 686 2697 lo
701 2646 820 2720 Octobris
839 2651 908 2700 1898.
1233 2721 1235 2728 Ι

776 2747 1073 2827 erusnorscos
1106 2750 1198 2810 cun
1230 2749 1401 2810 orounun

980 2862 1055 2913 Arch.
1081 2861 1240 2913 parisiensis.

795 3627 798 3632 '
850 3617 958 3682 ΝΟΤΑ

273 3819 426 3879 Homines
438 3816 591 3897 quosdam
605 3837 643 3880 ex
658 3821 707 3892 iis,
721 3819 773 3899 qui
789 3821 822 3881 in
835 3821 962 3912 deserto
976 3839 1049 3884 cum
1065 3825 1170 3902 Moyse
1182 3823 1322 3892 fuerunt,
1338 3823 1458 3900 passim
1473 3823 1555 3884 dioi-

233 3933 306 3976 mus
329 3917 426 3977 luisse
447 3919 493 3990 2³¹¹,
519 3919 553 3976 3²
575 3923 634 3977 etc.
658 3919 872 3996 generationis
892 3921 987 3980 viros.
1005 3921 1169 3990 Quomodo
1188 3919 1221 3981 id
1237 3921 1277 3980 sit
1293 3921 1538 4001 intelligendum

234 4014 359 4075 doceris
372 4021 461 4087 nota,
479 4033 561 4092 quac
577 4015 615 4076 ad
631 4016 750 4077 calcem
766 4033 797 4094 p.
814 4019 873 4077 229
888 4017 1047 4096 adscripta
1060 4024 1118 4079 est.

755 4337 1036 4404 CORRIGENDUM

298 4603 365 4668 Peg.
384 4602 445 4666 250,
463 4616 516 4666 pro
529 4609 577 4655 aut
598 4605 651 4656 Sor
665 4610 714 4656 aut
730 4605 857 4668 chirbet,
874 4607 937 4672 loge
954 4621 960 4656 z
977 4609 1025 4658 aut
1040 4607 1156 4660 Chirbet
1173 4609 1225 4662 Sar
1239 4613 1287 4661 aut
1307 4610 1421 4662 Chirbet
1437 4609 1490 4672 Sir,

745 4708 833 4759 prope
846 4696 931 4748 Wadi
947 4697 972 4748 el
989 4697 1045 4748 Sir.
