3538 5404
696 419 772 464 uuir.
796 405 865 474 337
889 418 955 470 soc.
1446 408 1485 468 33

167 557 385 613 Beniaminitee‚
403 557 491 619 patris
506 555 607 607 Esther
620 555 677 606 Est.
696 555 774 617 2,15;
791 557 863 616 939.
882 557 913 606 in
929 558 1090 607 nominibus
1104 560 1227 622 priorum
1241 565 1305 623 post
1321 562 1387 611 Levi
1398 573 1486 624 gene-

167 647 306 696 rationum
319 658 376 696 non
389 645 507 696 hebetur
521 657 624 696 nornen
640 646 777 704 divinum;
795 645 844 696 sed
856 647 1039 709 principume
1054 646 1148 708 Moyse
1159 649 1350 699 institutorum
1361 651 1486 700 omniurn

166 735 280 784 nomina
304 734 407 784 liabent
430 747 533 785 nomen
553 715 593 790 Su
612 747 618 782 :
636 734 784 797 Elissam,
806 734 978 798 Elisaphan,
1001 735 1127 791 Eleazar,
1156 736 1262 797 surich
1288 738 1354 787 item
1377 742 1487 802 patrum

166 823 284 874 duorum
299 823 367 872 Leei
382 823 427 872 rel
442 823 513 873 Dael
531 827 559 874 ct
575 823 666 884 Orici,
681 823 746 874 dum
762 837 864 874 nomen
881 825 976 874 Aaron
991 824 1110 874 tortasse
1128 830 1171 875 est
1188 828 1347 890 aegyptium
1363 829 1485 890 origine.

167 911 294 962 Abihaiel
307 925 374 962 vero
389 926 405 961 a
419 914 530 961 nomine
548 911 642 962 divino
656 924 712 961 non
728 913 770 962 ost
785 915 911 975 petitum.

210 1118 402 1180 Csnrurrsn
423 1136 454 1179 v.
482 1119 596 1179 27-32.
622 1153 667 1163 -
689 1136 722 1179 v.
741 1119 782 1179 27
805 1141 821 1174 «
844 1113 1043 1203 [Coqnatio]
1071 1113 1178 1190 Ceratis
1193 1115 1327 1180 habebit
1340 1115 1489 1206 populos

166 1219 375 1286 Amramitas
389 1232 421 1285 et
438 1219 617 1286 [esaaritas
637 1219 886 1288 etHebronitas
901 1233 932 1287 et
951 1220 1125 1288 Osieiitas.
1144 1223 1217 1288 Hae
1229 1234 1315 1314 'sient
1325 1222 1489 1310 familiae

168 1325 407 1395 Cootlritarum
424 1327 633 1414 [recensitae]
646 1347 714 1414 per
734 1325 875 1394 nomina
894 1349 958 1393 sua
978 1335 1009 1392 »J
1032 1332 1094 1393 Pro
1118 1309 1297 1416 coqnatio,
1317 1329 1488 1418 populos,

165 1433 321 1522 familiae
332 1433 476 1499 eundern
487 1455 621 1522 semper
632 1455 750 1500 vocem
762 1435 862 1500 Hebr.
875 1433 981 1500 hahet
997 1456 1005 1501 :
1023 1447 1160 1500 nucum.
1178 1439 1264 1501 Loco
1276 1457 1340 1524 per
1348 1436 1490 1502 nomina

166 1563 229 1607 sua
253 1539 362 1607 scribe
376 1561 441 1629 pro
459 1559 620 1624 numero;
639 1545 718 1606 ente
741 1561 845 1629 quum
862 1561 993 1622 vocem,
1015 1539 1065 1607 uti
1082 1563 1114 1606 v.
1142 1547 1196 1606 22.
1220 1545 1275 1624 st,
1302 1564 1380 1609 curn
1401 1544 1490 1631 Sqro

167 1647 325 1714 restitues
341 1661 478 1740 unrrpct
494 1668 682 1735 vocemque
698 1648 815 1712 trelius
828 1645 905 1713 adv.
919 1652 961 1713 28
975 1667 982 1713 :
997 1649 1043 1712 Et
1053 1659 1233 1736 computus
1245 1671 1362 1714 cariem
1376 1648 1412 1716 in
1427 1671 1492 1714 nu·

166 1776 258 1820 mero
277 1783 292 1814 «
319 1775 433 1820 omnes
456 1753 590 1842 qeneris
605 1751 790 1818 rrursculini
808 1751 850 1820 ab
866 1776 938 1820 uno
961 1775 1075 1820 mense
1091 1767 1123 1819 et
1137 1775 1262 1844 supra,
1288 1769 1362 1821 octo
1378 1755 1491 1821 millia

167 1860 319 1926 sescenti
324 1879 338 1942 ;
354 1861 525 1926 habebunt
544 1858 705 1926 ecczcbias
724 1859 918 1927 sanctuarii
934 1889 967 1944 s,
985 1862 1087 1928 Hebr.
1107 1861 1406 1928 ministrabuntur
1425 1861 1492 1927 mi-

168 1966 306 2034 nisterio
319 1966 522 2033 sanctuarii.
542 1989 574 2031 r.
593 1971 634 2032 29
655 1994 670 2027 ι(
688 1969 734 2032 Et
751 1965 1081 2033 castrametabuntur
1100 1967 1149 2034 ad
1164 1967 1396 2035 meridianam
1410 1968 1454 2059 pt
1477 2008 1493 2018 -

167 2096 248 2162 qam
266 2101 295 2161 n,
311 2096 343 2138 v.
363 2080 435 2139 30«
455 2072 682 2162 princepsque
700 2057 816 2139 eorum
827 2075 890 2139 erit
902 2072 1109 2164 Elisaphan,
1123 2073 1219 2162 silius
1236 2073 1334 2141 Oziel
1350 2103 1379 2142 ».
1396 2099 1428 2141 v.
1449 2081 1490 2142 31

171 2210 186 2242 ι(
208 2183 252 2247 Et
272 2179 464 2247 custodient
483 2201 601 2246 orcam
625 2201 843 2269 nicaeamque
869 2193 902 2245 et
921 2178 1180 2266 condelabrum,
1204 2180 1333 2246 altaria
1356 2193 1389 2248 et
1410 2203 1494 2248 oasa

168 2286 373 2370 sanctuarii,
391 2287 428 2353 in
442 2286 567 2377 quibus
581 2285 811 2366 ministratur,
827 2297 859 2351 et
874 2287 985 2353 velum
992 2339 1002 2370 ,
1020 2299 1245 2376 cunctamque
1261 2286 1496 2354 huiuscemodi

168 2393 408 2484 ¹supellectilem
426 2419 456 2458 s.
474 2393 669 2462 Secundum
685 2416 715 2458 ν.
727 2399 770 2458 26
785 2396 879 2459 verte
894 2404 927 2458 et
946 2414 1080 2459 omnem
1095 2415 1194 2458 risum
1210 2393 1295 2474 eius,
1311 2399 1345 2461 ei
1360 2393 1494 2484 explica

169 2499 281 2567 uiiib.
305 2525 337 2568 v.
362 2506 403 2566 32
426 2527 442 2561 u
464 2499 626 2588 Princeps
643 2509 759 2565 autem
781 2499 982 2588 principum
1007 2497 1190 2566 levitarum
1212 2499 1371 2580 Eleazar,
1395 2499 1493 2588 filius

169 2611 285 2674 Aaron
306 2606 501 2686 sacerdotis,
519 2605 584 2672 erit
604 2627 708 2695 super
726 2604 936 2672 excubitores
950 2604 1126 2672 custodiae
1139 2605 1373 2672 sanctuarii».
1391 2608 1439 2673 cf.
1458 2611 1490 2690 i,

174 2722 226 2781 16.
243 2715 393 2781 ithamar
406 2713 618 2802 praefectum
637 2735 708 2779 esse
727 2712 912 2781 Gersonitis
929 2718 962 2779 et
976 2713 1157 2792 iiieraritis,
1180 2712 1311 2780 doceris
1327 2719 1419 2795 iniit.
1436 2719 1488 2780 33.

169 2827 216 2889 Ex
228 2823 282 2888 his
294 2820 421 2888 inferes
439 2842 498 2886 eos
522 2818 644 2902 etiem,
669 2819 730 2908 qui
745 2823 843 2887 Num.
870 2826 885 2885 1
908 2842 958 2909 sq.
981 2820 1256 2902 recensebantur,
1274 2819 1491 2908 singularum

169 2927 324 2994 tribuum
339 2926 511 3017 principes
533 2926 634 2993 inisse
657 2927 830 3015 principes
851 2925 1050 3016 principum
1076 2948 1134 2994 seu
1154 2927 1329 3017 principes
1348 2927 1493 2994 chiliar-

170 3037 326 3102 eherum.
956 3057 958 3061 ’

207 3243 286 3292 ilebr.
302 3245 375 3294 Sam.
391 3255 397 3291 :
413 3245 504 3324 ιιι-φῆ
519 3243 640 3298 rimam
662 3244 744 3297 rm
759 3247 853 3323 nrpn.
873 3239 930 3290 Sed
948 3240 1048 3302 reliqui
1063 3240 1197 3302 legebant
1214 3240 1392 3304 perticipium
1406 3247 1468 3326 'ipa
1484 3255 1490 3290 :

170 3345 307 3384 recensens
318 3333 436 3384 custodes
446 3331 581 3380 nutritae
591 3329 743 3379 sanctuarii
755 3327 800 3396 (ci.
811 3342 839 3378 v.
853 3329 896 3379 25.
908 3329 950 3379 31.
963 3325 1020 3396 36),
1034 3340 1102 3391 ergo
1113 3329 1167 3379 illis
1178 3330 1340 3394 praefectus,
1354 3329 1493 3381 Praefecti

171 3422 244 3472 enirn
260 3426 334 3481 erat,
350 3434 416 3471 suos
431 3419 556 3484 quotidie
569 3417 694 3468 subditos
709 3430 873 3476 recensere,
889 3429 925 3468 ne
939 3418 1002 3480 quis
1016 3429 1113 3467 eorum
1130 3430 1161 3467 se
1174 3417 1350 3469 subduceret.
1366 3445 1402 3456 -
1416 3421 1491 3470 Sam.

170 3523 198 3560 v.
213 3509 243 3564 31
259 3515 325 3559 anto
337 3509 407 3560 duas
419 3509 532 3558 ultimas
546 3519 630 3558 voces
644 3507 743 3557 inserit
756 3510 814 3562 tini
826 3511 931 3569 timui,
946 3511 970 3554 ct
986 3504 1092 3554 lebetem
1107 3511 1131 3556 et
1147 3505 1225 3555 tasin
1237 3507 1295 3556 eius
1309 3505 1373 3573 (Ex.
1385 3506 1490 3573 so,18).

171 3597 263 3650 Etiam
277 3600 348 3649 hoec
365 3597 496 3649 censebat
518 3609 599 3648 curae
618 3595 802 3659 quorumdam
817 3594 966 3644 levitarum
986 3593 1072 3643 tuisse
1092 3595 1300 3646 committenda.
1321 3596 1408 3647 Porro
1429 3597 1489 3658 ait

171 3692 245 3736 Sam.
269 3687 354 3738 habet
374 3686 594 3737 additamentum
615 3686 680 3735 huic
701 3683 948 3747 correspondens:
965 3687 1047 3738 'iiiiii
1067 3690 1111 3738 nu
1130 3689 1194 3740 imi
1215 3689 1310 3766 initii
1331 3691 1386 3743 u:
1404 3666 1491 3772 inpii

171 3781 259 3832 nina
273 3755 313 3831 iu
325 3780 402 3832 nnn
418 3779 491 3830 unu
506 3778 555 3831 ns
574 3780 661 3829 acm
676 3751 715 3829 iu
729 3780 798 3828 nnn
818 3777 895 3827 nnn
911 3777 956 3827 nr
978 3777 1046 3827 nui.
1075 3771 1259 3836 reinquere.
1276 3773 1380 3825 naseu
1404 3775 1490 3824 rrr:

171 3861 214 3912 καὶ
226 3859 347 3931 λήψονται
360 3859 459 3932 ἱμάτιον
475 3861 627 3930 πορφυροῦν,
642 3858 684 3911 καί
698 3856 882 3928 ονγκαλύψουοι
895 3856 939 3910 τὀν
950 3856 1043 3928 λυτῆρα
1052 3856 1094 3908 καὶ
1106 3853 1151 3922 τὴν
1168 3857 1237 3926 βάσιν
1258 3857 1347 3928 αὐτοῦ,
1364 3859 1405 3912 καὶ
1415 3859 1492 3932 ἐράα-

170 3948 257 4002 toton
272 3948 331 4002 airh
346 3947 379 4011 εἰς
392 3948 511 4019 κάλυμμα
523 3947 669 4019 δερμάτινον
683 3945 823 3999 statuturos
830 3987 838 4012 ,
854 3945 896 3999 rai
914 3945 1070 4012 ἐπιθήσουσιν
1092 3944 1131 3999 ἐπὶ
1145 3944 1283 4017 άναρορεῖς.
1303 3951 1392 4001 Fuere
1406 3951 1492 4014 igitur

172 4049 299 4106 tempore
311 4044 476 4106 perantiquo
489 4040 584 4106 aliqui,
601 4041 649 4105 qui
661 4041 833 4092 mentionem
841 4039 940 4090 lebetis
950 4040 1066 4103 eiusque
1079 4038 1155 4088 basis
1165 4037 1227 4099 aii
1238 4041 1353 4089 omnino
1363 4040 1491 4107 supplen-

172 4133 237 4182 dam
252 4143 314 4183 esso
328 4143 463 4182 censuere
477 4134 504 4181 et
519 4131 719 4193 suppleverunt
725 4142 732 4189 ;
749 4129 896 4192 pauciores
910 4127 1068 4192 apographi
1084 4127 1201 4178 candem
1216 4128 1283 4177 item
1299 4125 1358 4189 3,3i
1376 4129 1492 4192 supple·

172 4232 249 4272 vere.

217 4383 410 4445 iinnsmrne
430 4399 460 4442 ν.
483 4382 596 4442 33-37.
623 4411 667 4424 -
689 4397 723 4441 v.
752 4363 793 4440 3'3
823 4401 838 4434 ν
864 4374 910 4439 At
933 4395 1010 4439 oero
1033 4371 1074 4439 de
1096 4373 1225 4439 Merari
1244 4385 1345 4440 erunt
1367 4375 1481 4466 popul
1488 4378 1494 4388 '

173 4483 358 4554 Mokolitae
377 4495 410 4549 et
428 4481 588 4563 Musaue,
611 4479 766 4549 recensiti
783 4484 857 4571 [per
870 4479 1100 4566 nominasent
1126 4505 1157 4546 ν.
1180 4479 1314 4570 Reliqui
1333 4483 1494 4551 similiter

173 4597 277 4682 atque
296 4614 329 4660 v.
346 4597 401 4657 21.
424 4595 465 4656 27
489 4609 496 4655 ;
518 4592 566 4654 Dc
581 4587 710 4655 Morari
733 4585 893 4676 coqnotio
908 4584 1039 4652 Motott
1057 4596 1088 4652 et
1108 4587 1268 4675 coqnatio
1287 4589 1380 4654 Musi
1401 4612 1413 4655 .·
1428 4589 1494 4656 kae

174 4699 394 4789 coquationes
413 4694 553 4764 Morari.
568 4696 652 4762 Dein
678 4695 732 4782 (ci.
752 4717 785 4762 ν.
803 4695 859 4782 37)
876 4693 997 4759 ultima
1012 4713 1075 4760 vox
1089 4692 1239 4764 trahitur
1252 4694 1297 4761 ed
1315 4717 1347 4762 v.
1367 4701 1409 4761 3i
1426 4717 1435 4763 :
1450 4697 1495 4762 Et

174 4818 355 4897 computus
369 4825 485 4871 eorum
502 4803 539 4869 in
552 4823 713 4882 numero,
730 4829 746 4862 u
764 4821 880 4866 ornnes
893 4797 1028 4890 qeneris
1041 4800 1228 4868 masculini
1241 4803 1283 4868 ab
1302 4823 1368 4867 erno
1381 4821 1495 4870 mense

374 4917 376 4920 ’
596 4929 771 4968 recuruum.
787 4941 818 4952 -
833 4925 861 4966 ru
876 4925 999 4964 nouenos.
1019 4938 1048 4950 -
1064 4919 1078 4965 3
