3554 5406
706 445 780 488 uun.
799 430 870 502 ⁶283
892 445 958 497 seo.
1436 429 1492 489 331

176 585 240 636 turs
266 579 393 664 puncta
424 577 548 638 statum
575 581 822 660 constructum,
849 577 921 644 sine
950 576 1083 645 suffixo,
1116 579 1215 644 Hebe.
1245 599 1256 643 .·
1289 577 1495 644 oblationem

176 701 303 757 ueram,
332 694 420 771 *turp
443 695 507 758 mt3
524 685 558 746 et
583 682 738 771 sequitur
761 683 929 774 oppositio
954 683 1190 752 excellentiam
1215 685 1293 750 talis
1315 684 1496 752 oblationis

175 786 337 871 extollens
355 809 361 854 :
378 787 491 854 cibum
506 810 619 856 meum
635 788 671 854 iu
686 791 951 857 combustionem
967 789 1081 856 odoris
1097 789 1308 858 suavissimi.
1325 785 1498 857 Sacrificia

175 897 254 960 sunt
273 893 367 959 cibus
382 896 453 977 Dei,
472 917 574 984 quem
590 894 662 983 ipse
678 897 846 962 consumit
860 918 931 962 non
946 917 1063 983 grosso
1079 895 1180 962 modo
1198 895 1421 976 masticando,
1439 897 1497 964 sed

70 1062 77 1076 ‚
176 997 317 1065 odorem
337 1001 575 1076 suavissimum
595 1000 796 1069 inhalando.
817 1002 919 1068 Cibus
938 1002 1085 1069 debetur
1107 1001 1199 1088 regi,
1221 1008 1254 1068 et
1273 1001 1413 1091 quidem
1428 1007 1497 1070 sto-

177 1104 257 1174 tutis
272 1106 485 1195 temporibus
494 1107 708 1198 pendendus.
724 1113 811 1176 llaec
824 1107 933 1195 igitur
945 1113 994 1175 est
1007 1107 1113 1176 veluti
1123 1108 1240 1184 thesis,
1256 1130 1344 1196 quoe
1355 1129 1498 1196 sequen-

175 1210 268 1277 tibus
287 1212 475 1301 explicatur
491 1220 524 1280 et
544 1237 575 1280 v.
599 1221 618 1280 3
637 1213 865 1282 introducitur
886 1214 1000 1282 verbis
1021 1236 1041 1280 a
1060 1215 1134 1282 solu
1161 1213 1260 1302 l'ulp.
1278 1214 1411 1281 omissis
1427 1235 1435 1281 :
1453 1217 1497 1282 Et

177 1316 267 1384 elices
288 1317 336 1384 ael
356 1341 422 1388 eos.
448 1321 607 1410 Sequitur
627 1319 708 1387 inde
728 1321 831 1388 totius
852 1325 1015 1388 tractatus
1034 1320 1213 1410 inscriptio
1235 1341 1243 1388 ε
1268 1349 1283 1380 «
1305 1323 1399 1387 Haec
1417 1334 1496 1386 sum

175 1423 346 1512 sacrificia
372 1454 401 1511 u,
427 1426 688 1508 combustiones,
715 1457 731 1487 o
756 1426 989 1517 quaeofferre
1013 1426 1176 1493 debetis»
1203 1426 1318 1493 labec.
1339 1431 1429 1514 Ergo
1454 1427 1497 1493 de

176 1530 255 1597 solis
267 1531 440 1599 sacrificiis
460 1532 698 1600 comburendis
711 1533 845 1618 agilum
863 1533 955 1600 unde
973 1538 1068 1623 patet
1083 1555 1116 1600 v.
1134 1539 1154 1598 2
1169 1554 1278 1622 panes
1292 1554 1361 1600 non
1376 1533 1496 1600 referri

176 1636 218 1704 ad
243 1660 349 1726 panes
375 1639 614 1728 propositionis
637 1639 712 1718 scd,
741 1641 789 1705 uti
815 1639 890 1707 aliis
912 1640 1015 1706 etiam
1039 1638 1139 1722 locis,
1163 1637 1207 1706 ad
1226 1639 1319 1728 ipsus
1343 1639 1498 1706 victimas

176 1743 232 1834 (cf.
251 1749 327 1810 ch.
350 1751 448 1828 3,16;
467 1752 558 1828 ms.
576 1751 608 1813 8.
631 1752 670 1812 m
693 1743 786 1834 etc).

574 1993 726 2041 Sacrificium
741 1993 912 2052 quotidianum
927 1993 1000 2040 Num.
1017 1995 1103 2052 ΜΒ.

221 2197 237 2233 o
263 2173 380 2258 Aquas
395 2170 577 2237 cuniculos
590 2170 829 2238 immaculatos
845 2171 928 2238 duos
941 2169 1096 2260 quotidie
1112 2170 1149 2236 iu
1164 2169 1399 2236 holocaust-um
1414 2191 1498 2236 sctu-

175 2275 349 2366 pitemum
369 2305 398 2344 ».
423 2283 487 2345 Pro
508 2265 568 2344 abt
584 2300 662 2343 cum
682 2280 775 2344 Saue.
798 2277 902 2344 scribi
919 2266 991 2348 mbr,
1011 2277 1161 2367 postulat
1179 2275 1418 2362 grammatica.
1436 2279 1497 2342 Ce—

176 2389 289 2449 terum
304 2405 368 2449 vox
382 2405 453 2450 non
473 2384 622 2450 habetur
638 2387 694 2451 Ex.
713 2388 816 2464 2938
828 2406 836 2464 ;
850 2382 1019 2450 insistitur
1035 2383 1143 2470 igitur
1155 2383 1189 2449 h.
1208 2383 1232 2449 l.
1250 2383 1322 2450 eius
1340 2381 1497 2449 sacrificii

177 2489 415 2570 excellentiae,
435 2494 472 2554 ut
491 2490 534 2556 sit
553 2487 800 2556 holocaustum.
819 2489 960 2556 Vocibus
980 2478 1048 2554 ml>
1064 2505 1145 2554 num
1160 2489 1252 2556 solus
1272 2491 1373 2556 Hebe.
1391 2495 1495 2555 caret.

175 2593 301 2662 Addita
319 2617 401 2660 vero
420 2594 455 2660 h.
479 2594 502 2662 l.
526 2595 797 2685 deprehenditur
817 2617 880 2661 vox
898 2611 1024 2667 aaran,
1043 2617 1148 2685 quom
1169 2599 1244 2662 Lev.
1268 2601 1309 2660 29
1329 2596 1466 2681 ignorat
1487 2617 1494 2661 :

176 2700 251 2767 fieri
264 2701 377 2790 potuit
391 2702 459 2768 sive
476 2723 515 2767 ex
530 2701 674 2770 avaritie
688 2702 757 2769 sive
772 2725 811 2768 ex
826 2703 978 2784 incuria,
994 2707 1031 2768 ut
1050 2701 1321 2791 producerentur
1340 2699 1498 2768 victimae

175 2828 246 2873 non
262 2805 516 2888 immaculatae,
532 2809 648 2896 aliquo
663 2808 768 2895 legali
779 2807 914 2875 delectu
928 2809 1076 2876 vitiatae.
1097 2831 1128 2876 ν.
1148 2816 1167 2876 t
1185 2837 1200 2869 ι(
1221 2811 1328 2875 Unum
1346 2806 1498 2897 offeretis

175 2935 274 2979 mone
294 2926 326 2980 et
346 2913 494 2980 alterum
516 2913 564 2981 od
580 2936 756 3004 uesperum
777 2937 812 2996 »;
835 2915 1042 2983 verbotenus
1060 2915 1152 2982 idem
1174 2922 1277 3002 atque
1301 2919 1357 2980 Ex.
1376 2920 1495 2994 29,39;

176 3041 207 3086 v.
227 3027 246 3086 5
264 3049 279 3080 o
297 3019 463 3087 decimam
470 3033 608 3110 partem
622 3020 701 3110 epiri
712 3020 861 3103 similae,
875 3044 964 3111 quae
978 3042 1158 3109 conspersa
1173 3020 1217 3086 sit
1230 3019 1303 3086 oleo
1314 3015 1498 3108 picrissimo

176 3137 209 3190 el
228 3124 353 3192 babeat
378 3139 538 3216 qemrtam
557 3139 692 3216 portem
712 3125 773 3192 bin
797 3153 826 3194 n.
852 3131 912 3192 Pro
940 3141 1070 3194 nimum
1098 3126 1260 3193 mendose
1289 3128 1381 3192 LXX
1399 3139 1497 3191 ntum

176 3246 305 3299 utatur.
320 3247 410 3308 utun,
429 3245 503 3299 tuso
518 3232 575 3320 (cf.
599 3232 654 3298 ed.
677 3236 732 3298 Ex.
757 3233 873 3321 ΜΟ)
895 3233 1059 3318 ignorent
1080 3235 1175 3298 Satis.
1196 3234 1286 3298 LXX
1308 3229 1422 3319 Vulp„
1439 3231 1498 3297 sed
1596 3307 1597 3312 ἵ

177 3361 240 3404 vox
261 3339 410 3406 habetur
430 3344 486 3406 Ex.
512 3345 625 3419 ttulsb.
649 3343 736 3404 Sane
756 3352 860 3404 aarum
879 3331 998 3406 ututur
1018 3359 1080 3428 pro
1101 3352 1206 3431 parur,
1228 3352 1323 3406 nrm
1342 3359 1405 3425 pro
1426 3352 1495 3408 tat,

178 3433 270 3510 mbr
282 3468 346 3535 pro
363 3433 433 3510 bb:
448 3445 639 3512 levissimae
658 3450 739 3511 suut
757 3445 940 3512 vadantes.
961 3444 1027 3511 Sed
1047 3443 1198 3526 additur,
1218 3443 1366 3510 similam
1384 3443 1499 3510 offerri

177 3565 213 3616 ut
231 3553 403 3619 mincbom
420 3553 640 3619 :inculcatur
658 3575 703 3619 sc.
722 3550 772 3618 rei
789 3551 956 3639 dignitas,
973 3556 1107 3618 nonest
1123 3571 1218 3618 mera
1233 3551 1425 3618 ceremonia
1439 3550 1498 3616 sed

176 3659 380 3726 sacrificium
399 3659 630 3726 incruentum.
649 3681 681 3725 v.
702 3664 721 3724 6
743 3685 758 3720 o
783 3657 1026 3725 Holocauslum
1047 3657 1128 3745 lupe
1146 3669 1193 3724 cst
1210 3685 1239 3742 u,
1260 3656 1356 3724 nullo
1375 3657 1431 3724 dic
1445 3657 1498 3723 in-

176 3763 435 3832 termittendum
462 3771 495 3832 et
518 3770 591 3831 toto
614 3765 669 3832 dic
696 3764 976 3855 producendum,
1002 3764 1113 3830 itaut
1140 3786 1278 3854 semper
1300 3763 1499 3831 alterutrius

176 3873 257 3957 agni
277 3871 411 3960 aliquid
426 3871 468 3937 sit
487 3872 523 3936 in
538 3873 656 3952 altari,
676 3898 692 3931 o
715 3870 809 3960 quod
822 3870 994 3937 obtulistis
1011 3870 1048 3936 in
1065 3884 1179 3938 moute
1196 3870 1299 3938 Sinai
1311 3870 1348 3935 in
1361 3869 1497 3935 odorem

174 3977 413 4050 securissimum
430 3977 561 4044 iuceusi
571 3976 714 4044 Domini
731 4005 759 4044 s.
781 3981 878 4044 Verte
894 3977 1160 4044 coroebustiouem
1178 3976 1290 4042 labec.
1310 3977 1367 4041 llic
1383 3996 1499 4042 versus

175 4083 417 4173 correspondet
437 4089 493 4151 Ex.
519 4090 633 4166 tillet.
657 4087 707 4150 Se.
736 4083 920 4174 utrobique
945 4083 1103 4152 sacrificii
1129 4081 1322 4172 quotidiani
1346 4080 1500 4166 dignitas

175 4190 358 4272 extollitur,
372 4191 570 4280 incipiendo
585 4189 727 4257 vocibus
742 4206 825 4256 vnn
838 4181 908 4258 aba.
927 4195 1003 4258 Post
1019 4189 1166 4279 quesibi
1182 4186 1357 4254 extollitur
1370 4186 1501 4253 sacrifi·

175 4296 282 4374 cium,
317 4298 410 4385 ‹puod
439 4297 603 4364 offeratur
631 4308 711 4363 oute
742 4296 867 4363 ostium
897 4294 1111 4362 tabernaculi
1145 4307 1331 4361 conventus
1360 4292 1499 4360 iamiam

174 4403 411 4486 construendi;
437 4403 494 4469 hic
522 4403 617 4492 quod
647 4402 690 4469 sit
717 4402 809 4469 idem
839 4402 1061 4485 sacrificium,
1088 4401 1183 4491 quod
1212 4401 1364 4468 oblatum
1394 4399 1436 4466 sit
1463 4399 1499 4465 iu

175 4519 288 4575 moute
305 4507 417 4575 Sinai.
435 4508 648 4578 Putrinrchos
666 4531 736 4576 uon
751 4508 957 4576 crediderim
977 4508 1182 4576 sacrificium
1203 4507 1364 4576 obtulisse
1382 4505 1496 4596 quoti-

174 4616 333 4698 dianum,
351 4614 528 4705 multoque
542 4618 655 4683 minus
672 4618 752 4703 iuge
770 4637 778 4684 t
796 4615 832 4682 id
848 4617 976 4704 quippe
991 4615 1117 4703 privati
1132 4614 1282 4680 hominis
1298 4615 1384 4680 vires
1402 4633 1497 4679 exce·

175 4722 235 4789 dit.
255 4727 343 4810 Ergo
358 4721 438 4809 iuge
459 4723 525 4788 hoc
544 4720 751 4789 sacrificium
769 4721 807 4788 in
829 4728 945 4787 monte
965 4721 1057 4788 Sinai
1075 4721 1190 4787 offerri
1210 4733 1364 4809 coeptum
1382 4723 1444 4785 est.
1461 4741 1493 4787 v,

176 4835 195 4894 7
217 4856 233 4890 o
251 4829 296 4898 El
308 4828 459 4897 libabitis
478 4829 551 4896 uiui
569 4819 730 4919 quartam
747 4840 882 4918 portem
899 4827 959 4894 bin
973 4849 1037 4917 per
1051 4849 1160 4916 opscos
1173 4826 1331 4914 simpulos
1349 4855 1378 4892 ».
1403 4825 1495 4892 ldcm
