3522 5396
639 399 644 407 ·
729 335 801 381 nou.
826 319 930 390 atta
1434 321 1492 380 311

171 468 229 534 sed
250 467 294 534 ad
309 467 582 556 corrronqut'neos
599 470 819 554 restringitur
837 491 902 535 vox
914 467 1042 536 additis
1060 467 1123 558 qui
1136 469 1394 559 appropinquat
1408 468 1439 534 ci
1452 468 1493 534 rte
1587 549 1592 557 .

168 573 310 664 [omilin
329 574 413 642 eius.
439 578 595 642 Ceterum
616 577 701 642 haec
720 574 773 641 lex
797 576 990 665 completur
1010 579 1110 642 Num.
1131 582 1190 657 36,
1210 574 1272 640 ubi
1292 580 1431 640 cavetur
1449 597 1492 640 ne

171 681 337 769 possessio
356 685 505 748 transeat
526 680 568 748 ad
594 681 699 748 aliam
719 682 861 749 tribum.
881 708 897 742 «
922 681 1070 770 Erttqnc
1092 679 1153 747 tor
1173 679 1259 770 fillis
1279 681 1494 766 1116611661-

171 790 277 872 cutm]
301 786 375 876 leqc
395 798 581 877 perpetuo,
603 787 1073 878 616111166661111161111111
1097 786 1208 876 Moysi
1229 815 1260 852 a.
1283 787 1494 854 1161116111

172 891 227 959 leo
242 891 384 974 iudicii,
403 921 419 955 α
441 898 624 978 statutum,
640 894 828 962 secundum
842 895 935 984 quod
945 893 1119 962 iudicibus
1134 893 1199 960 erit
1215 891 1439 961 iudicandum
1461 898 1494 959 et

169 999 311 1066 ferenda
326 998 492 1066 sententia
509 1027 525 1060 s
543 999 705 1089 (Bossia).
723 1001 901 1084 616616.

390 1201 438 1252 IV.
455 1203 554 1252 tostin
571 1203 695 1252 POPULI
712 1205 784 1252 DUX
802 1203 1052 1253 COMSTI'I‘UITUR
1069 1203 1154 1253 nuit.
1173 1205 1288 1263 17,11-13.

213 1381 297 1468 Aru.
319 1415 362 1429 -
382 1383 506 1468 Moyses
518 1380 646 1448 frustra
663 1386 835 1470 precatus,
855 1387 893 1449 ut
907 1380 1169 1448 eisiordanieam
1190 1379 1329 1467 ingredi
1347 1379 1490 1468 perurit-

169 1491 315 1568 teretur,
343 1485 483 1552 iubetur
513 1492 665 1553 montem
695 1487 835 1556 Abarim
866 1487 997 1554 ibidem
1025 1487 1212 1554 moriturus
1247 1485 1489 1553 conscendere.

168 1591 313 1658 Mandati
328 1593 534 1682 exsequendi
551 1592 755 1660 dilationem
774 1593 951 1683 impetrat,
968 1593 1204 1661 demonstrans
1223 1593 1375 1682 primum
1388 1613 1490 1681 opor-

169 1701 239 1764 tere
254 1696 361 1764 alium
377 1697 445 1764 sihi
463 1698 574 1767 suffici
592 1699 711 1790 populi
725 1699 867 1766 hebraei
882 1699 1017 1767 ducem.
1037 1700 1211 1767 Sulficitur
1225 1704 1333 1766 losue.

203 1904 333 1956 Refertur
350 1905 423 1956 idem
442 1903 546 1956 lactum
566 1907 647 1957 Deut.
666 1905 790 1968 3,13-18,
808 1913 835 1958 61
853 1906 968 1970 quidem
987 1908 1016 1956 11
1030 1919 1160 1958 sermone
1177 1905 1272 1970 aliquo
1291 1907 1409 1968 Moysis,
1426 1906 1491 1955 dum

167 1994 213 2043 hic
227 1993 346 2044 retertur
360 1995 389 2044 in
402 1995 564 2046 narratione
576 1996 719 2045 historica.
735 1995 787 2046 llle
801 2007 894 2046 sermo
908 1995 1015 2059 aliquid
1030 1995 1200 2045 narrationis
1211 1996 1363 2045 historiens
1377 1997 1489 2056 omittit,

167 2081 273 2148 aliquid
286 2083 407 2146 supplet.
420 2081 546 2144 Omittit,
563 2083 638 2146 quod
653 2084 771 2135 habetur
785 2084 814 2132 h.
831 2085 850 2132 l.
864 2097 892 2133 r.
913 2084 1005 2144 15-17,
1017 2083 1121 2145 Deum,
1133 2085 1246 2134 nonnisi
1261 2084 1357 2146 Moyse
1371 2083 1492 2146 primum

165 2174 299 2234 rogante,
317 2171 407 2222 eidem
418 2183 608 2222 suscessorem
629 2172 803 2236 designasse.
825 2171 943 2236 Supplet
958 2171 1028 2223 illud
1042 2173 1125 2224 Dent.
1145 2171 1258 2232 3,13·16
1274 2172 1387 2222 1611161
1403 2171 1492 2232 Moysi

166 2261 286 2322 primum
305 2261 416 2323 roganti
431 2266 462 2312 ut
476 2262 617 2312 sententia
631 2261 716 2311 Num.
739 2261 821 2322 10,11
841 2264 1030 2321 revocaretur,
1047 2260 1196 2312 mandasse
1210 2262 1300 2311 Deum
1320 2265 1353 2312 ut
1368 2263 1491 2310 montem

165 2349 280 2398 Abarim
302 2349 453 2400 moriturus
468 2349 679 2400 conscenderet.
696 2350 752 2400 Res
767 2351 851 2412 igitur
870 2351 924 2399 boc
932 2350 1031 2400 ordine
1046 2354 1126 2408 actae
1138 2353 1212 2400 sunt.
1229 2349 1298 2400 lnde
1312 2351 1346 2399 ab
1361 2349 1409 2398 illa
1424 2361 1491 2398 een·

166 2438 256 2487 tentia
269 2437 384 2499 Moysen
401 2438 436 2488 ab
453 2440 583 2501 ingressu
596 2439 688 2490 terrae
702 2440 856 2502 promissae
873 2438 1039 2489 excludente
1054 2439 1196 2490 invaserat
1209 2438 1323 2501 Moysen
1336 2438 1490 2488 vehemen-

164 2527 305 2576 tissimum
329 2525 453 2577 eiusdem
472 2527 671 2590 ingrediendus
689 2527 867 2578 desiderium.
885 2527 984 2578 (litatis
1003 2527 1148 2578 itineribus
1168 2539 1270 2590 agmen
1289 2526 1368 2576 duxit
1389 2531 1489 2576 terram

165 2615 330 2677 promissam
357 2626 464 2677 versus,
485 2615 737 2668 transiendanicam
759 2617 913 2679 permissus
928 2620 971 2666 est
993 2615 1105 2680 ingredi
1128 2616 1224 2676 vivus,
1253 2613 1404 2678 attulgebat
1426 2627 1490 2677 spes

164 2705 265 2754 veniae
293 2704 345 2754 sibi
374 2703 569 2754 concedendae
593 2705 677 2754 etiam
700 2703 902 2756 cisiordanicae
924 2705 1081 2756 intrandae.
1096 2703 1201 2756 tamen
1220 2717 1283 2756 eam
1308 2704 1417 2766 ingredi
1436 2704 1490 2752 nisi

165 2793 226 2844 Deo
245 2793 273 2842 id
292 2793 423 2856 explicite
448 2795 637 2855 permittente,
655 2805 710 2843 non
734 2795 777 2844 est
800 2805 899 2856 ausus,
916 2793 1008 2844 sedin
1037 2793 1135 2845 castris
1157 2807 1244 2858 prope
1266 2793 1413 2843 Iordanem
1438 2793 1489 2842 Dei

163 2883 274 2932 veniam
288 2882 495 2946 opperiebatur.
512 2881 636 2932 Tandem
650 2894 793 2933 morarum
808 2883 953 2946 pertaesus
971 2885 1030 2947 ipse
1046 2883 1127 2933 Dent.
1150 2881 1264 2944 3,13-16
1278 2881 1337 2932 Deo
1352 2882 1489 2945 supplica·

164 2977 218 3030 tur,
237 2975 268 3020 ut
283 2970 337 3020 sibi
360 2971 505 3033 ingressus
524 2971 703 3022 concedatur.
725 2971 801 3022 Deus
818 2987 829 3019 ι
846 2973 959 3022 iratus»
977 2973 1064 3036 petita
1078 2971 1212 3033 denegat,
1230 2972 1353 3020 montem
1375 2969 1489 3019 Abarim

164 3058 355 3110 conscendere
374 3060 492 3122 imperat
507 3057 543 3108 lb.
565 3059 739 3108 moriturum.
760 3059 832 3118 Quid
847 3059 902 3110 iam
921 3059 987 3121 agat
1005 3058 1132 3122 Moyses?
1147 3058 1211 3108 Non
1237 3061 1296 3108 erat
1318 3057 1427 3120 Moyses
1448 3057 1486 3118 is,

163 3149 211 3210 (1111
236 3159 321 3197 unam
344 3160 444 3212 passus
463 3137 604 3210 repulsam
623 3159 640 3196 a
664 3146 828 3198 desideratis
852 3147 1006 3197 desisteret.
1026 3145 1128 3198 Recole
1147 3148 1208 3198 eius
1229 3145 1280 3196 nx.
1306 3146 1338 3195 31
1363 3159 1425 3208 sqq.
1448 3147 1489 3195 ter

163 3237 314 3298 repetitam
328 3235 573 3300 supplicationem,
590 3247 646 3298 qua
659 3236 756 3300 populi
771 3237 881 3286 veniam
896 3248 913 3286 a
928 3237 987 3286 Deo
1002 3236 1127 3286 extorsit.
1146 3235 1205 3286 Hac
1223 3234 1284 3284 vice
1299 3235 1357 3296 agit
1371 3246 1428 3283 non
1444 3246 1488 3284 ea-

163 3323 226 3374 dern
245 3325 328 3388 plane
343 3327 461 3375 ratione.
479 3325 663 3387 Praeceperat
678 3324 767 3386 Deus,
784 3327 813 3374 ut
829 3328 952 3375 montem
967 3325 1149 3374 conscenderet
1170 3329 1210 3384 et,
1226 3323 1300 3387 quod
1320 3335 1336 3372 e
1356 3324 1488 3372 contextu

163 3413 268 3474 elucet,
289 3414 320 3462 ut
343 3414 435 3463 statim
455 3413 620 3464 ascenderet
648 3425 655 3463 ε
682 3413 806 3475 Moyses,
833 3417 863 3462 ut
882 3413 937 3462 sibi
958 3412 1018 3464 dies
1042 3411 1167 3463 netestus
1198 3411 1351 3472 dltteratur,
1377 3410 1487 3460 61116616

163 3501 269 3561 studet;
291 3504 400 3564 monet,
417 3513 565 3565 superesse
583 3502 729 3565 negotium
745 3509 810 3552 aute
831 3507 950 3551 mortem
978 3501 1197 3563 procurandum,
1219 3511 1409 3552 successorem
1438 3497 1488 3549 de·

162 3589 340 3652 signandum.
367 3589 418 3641 Cui
446 3591 598 3642 assentitur
627 3591 703 3642 Deus
734 3590 865 3641 mandato
891 3589 974 3640 Num.
993 3589 1488 3654 1118616.6111161611111116161111

162 3681 286 3729 revocat.
302 3679 412 3742 Moyses
427 3679 528 3729 abhinc
545 3691 603 3730 non
622 3679 675 3730 sibl
692 3681 832 3730 existimat
847 3683 971 3728 montem
986 3691 1048 3730 esse
1067 3678 1325 3739 conscendendum,
1339 3678 1395 3728 nisi
1413 3689 1487 3728 novo

163 3767 239 3818 edito
253 3767 385 3818 mandato
398 3767 474 3817 Deus
487 3769 598 3830 tempus
613 3767 786 3818 determinet.
803 3768 902 3831 Neque
912 3769 971 3818 tum
987 3767 1098 3819 videtur
1123 3781 1234 3819 ornnem
1249 3779 1327 3831 spem
1344 3765 1487 3816 desidera·

163 3857 254 3906 torum
269 3855 483 3906 obtinendorum
507 3855 650 3906 abdicasse
657 3869 664 3916 ;
688 3870 745 3907 non
757 3859 852 3906 tamen
876 3869 961 3907 ausus
975 3857 1019 3907 est
1039 3857 1129 3908 Deum
1150 3858 1226 3919 prior
1244 3858 1304 3920 ipse
1324 3855 1424 3904 iterum
1439 3865 1486 3903 ro·

163 3955 245 4008 gare,
263 3943 337 4008 quod
358 3947 458 3994 tratum
483 3945 564 3996 Deut.
588 3945 650 4006 316
671 3948 801 4008 expertus
821 3947 896 3996 esset
916 3945 983 4008 siti,
999 3945 1064 3998 dum
1083 3945 1134 3996 Ex.
1156 3945 1188 3994 31
1207 3957 1268 4007 sqq.
1289 3954 1347 3992 non
1365 3941 1419 3991 sibi
1437 3941 1486 3991 sed

164 4034 268 4097 populo
287 4033 414 4084 intensus
433 4033 531 4084 luisset
551 4033 636 4085 Deus.
658 4033 782 4084 'landem
802 4034 878 4085 Deus
897 4035 980 4087 Deut.
1003 4033 1083 4097 3118
1103 4033 1265 4084 mandatum
1281 4029 1487 4081 conscendendi

164 4123 268 4173 montis
280 4123 363 4173 iterat
377 4123 543 4187 Moysesque
558 4124 599 4172 illi
612 4123 784 4186 obsequitur.

202 4211 284 4260 Silta
299 4223 344 4260 res
356 4211 498 4272 habuerit,
516 4224 649 4276 quaeres,
666 4224 715 4261 cur
730 4211 801 4262 cah.
815 4213 834 4262 l.
850 4225 908 4263 non
923 4213 1072 4263 enarretur
1086 4209 1252 4261 distinctius.
1270 4207 1315 4268 ld,
1330 4209 1405 4272 quod
1419 4221 1486 4259 nar-

164 4307 240 4351 rator
255 4300 283 4349 b.
300 4301 317 4349 l.
335 4300 510 4363 potissimum
535 4299 710 4361 intendebat,
727 4314 784 4351 non
806 4306 866 4351 erat
886 4301 990 4364 Moysis
1011 4299 1179 4364 supplicatio
1194 4311 1211 4348 a
1229 4299 1289 4349 Deo
1305 4299 1423 4359 reiecta,
1437 4299 1486 4348 sed

166 4387 338 4452 principatus
358 4389 386 4438 11
402 4389 503 4440 losuen
524 4389 687 4441 translatus.
703 4391 854 4448 Praeterea
876 4391 1000 4449 recolas,
1019 4401 1138 4454 quaeso,
1152 4400 1225 4452 quae
1248 4388 1313 4438 inde
1337 4388 1371 4437 ab
1390 4387 1486 4437 Exodo

166 4489 223 4527 non
236 4477 323 4528 semel
336 4478 553 4530 observabamus
570 4491 576 4527 ε
593 4479 804 4543 supprimuntur
823 4491 862 4528 so.
877 4477 1019 4528 narranda
1035 4478 1145 4542 aliqua,
1162 4489 1234 4540 quae
1257 4475 1293 4527 ad
1313 4475 1484 4528 aedificatio·

166 4577 231 4616 nem
246 4564 358 4616 lectoris
371 4566 486 4618 hebraei
500 4567 575 4617 haud
589 4573 770 4618 censerentur
782 4579 844 4618 esse
857 4566 973 4618 tactura.
992 4565 1222 4631 Supprimebatur
1237 4565 1338 4616 caedes
1355 4563 1486 4616 sacerdo·

168 4659 225 4704 tum
239 4655 511 4719 praemosaloorum,
526 4654 670 4706 velabatur
687 4656 790 4719 Moysis
812 4656 847 4705 atl
862 4658 958 4721 Aquas
978 4655 1212 4706 contradictionls
1231 4660 1389 4718 peccatum,
1406 4653 1487 4717 plura

168 4742 201 4792 in
216 4745 288 4794 actis
302 4745 417 4795 Balaam
432 4743 592 4795 nominibus
611 4745 824 4809 appellabantur
843 4758 899 4794 non
914 4746 983 4795 suis.
999 4743 1102 4807 Moysis
1116 4744 1212 4807 utique
1224 4743 1275 4794 Ex.
1293 4741 1327 4793 31
1341 4755 1402 4807 sqq.
1417 4755 1485 4807 sup·
