3522 5410
588 441 672 486 cacis
692 440 876 485 recurreres
897 438 1043 484 ancrruu.
1438 425 1474 483 51

157 572 203 640 sis
223 593 254 639 ν.
284 580 323 640 31
346 573 504 641 chiastice
527 574 699 656 scribitur,
724 581 762 641 ut
788 574 938 664 primum
962 576 1086 659 agatur
1104 572 1146 638 de
1162 573 1286 639 marito
1300 595 1389 640 vana
1404 595 1476 641 sus-

157 679 292 768 picione
313 678 431 746 deluso
446 685 488 768 (v.
507 681 581 770 30),
602 686 720 770 postea
734 683 776 747 de
792 702 895 746 uxore
915 679 1071 745 adultera
1092 677 1137 767 (v.
1156 677 1225 767 29).

202 790 326 854 Sensus
353 786 455 853 huius
467 788 637 854 clausulae
655 786 727 874 legi
746 786 934 876 antiquiori
953 783 1122 852 recentius
1146 784 1337 876 adscriptae
1356 786 1477 876 planus

157 897 217 959 est.
237 891 379 970 Quando
398 915 499 960 causa
516 893 622 960 semel
647 915 761 960 corum
783 892 885 960 lcfcce
909 891 1024 959 delata
1050 898 1115 973 est,
1137 892 1309 960 subtracta
1336 898 1386 959 cst
1404 915 1476 959 ma-

157 997 258 1066 nibus
282 998 433 1089 partium
453 999 681 1086 litigantium3
703 1005 896 1089 exspectent
915 999 1017 1065 lahve
1039 999 1243 1065 sententiam
1258 999 1360 1066 modo
1372 1023 1405 1067 v.
1419 1008 1477 1067 20-
1517 994 1519 1002 ’

158 1112 200 1172 22
218 1106 386 1196 descripto
413 1105 713 1175 manifestandam.
741 1111 865 1173 Caveat
887 1107 956 1173 iam
980 1127 1078 1187 uxor,
1105 1127 1149 1172 ne
1175 1112 1294 1172 contra
1313 1107 1475 1174 maritum

157 1213 202 1278 ob
216 1211 411 1279 invocatum
424 1215 527 1281 lahve
545 1213 711 1280 iudicium
725 1215 882 1303 querelas
896 1212 974 1279 edat
989 1233 997 1280 :
1018 1212 1099 1279 illae
1114 1219 1233 1279 contra
1246 1211 1360 1303 ipsum
1373 1214 1475 1280 lahve

158 1318 358 1406 diriguntur
393 1341 506 1410 neque
549 1320 739 1410 impunitae
781 1318 989 1400 manebunt;
1021 1319 1183 1402 maritus,
1214 1320 1276 1386 etsi
1306 1321 1475 1410 zelotypia

158 1432 250 1494 actus
270 1426 435 1494 iniuriam
458 1427 575 1494 intulit
597 1428 710 1508 uxori,
735 1425 915 1494 commissa
932 1425 1101 1493 iniustitia
1123 1449 1158 1492 se
1181 1426 1341 1493 liberavit
1362 1425 1477 1493 delata

158 1554 259 1600 causa
279 1535 324 1600 ad
349 1533 543 1620 legitimum
564 1535 666 1602 lahve
687 1533 850 1602 tribunal.
883 1532 949 1600 Sed
968 1531 1021 1599 vir
1045 1532 1127 1598 item
1156 1538 1290 1614 caveat,
1320 1555 1363 1600 ne
1379 1535 1475 1600 'ultra

158 1640 362 1720 ruminetur,
386 1640 641 1707 commiseritne
661 1662 747 1710 uxor
761 1638 971 1706 adulterium
985 1661 1093 1706 necne
1115 1660 1123 1706 ε
1144 1639 1173 1705 si
1196 1639 1383 1720 commisit,
1396 1662 1476 1729 poe-

158 1766 239 1812 nam
272 1746 392 1836 utique
418 1747 521 1828 feret;
547 1768 650 1813 causa
672 1746 807 1814 interim
839 1746 914 1812 foro
952 1745 1069 1812 mariti
1092 1745 1267 1813 subtracta
1298 1751 1358 1812 est.
1390 1747 1470 1813 Eius

159 1851 367 1942 suspiciones
380 1855 522 1943 posthac
538 1860 638 1920 erunt
651 1852 688 1919 in
704 1853 818 1943 ipsum
834 1854 936 1920 lahve
951 1851 1105 1942 iniquae.

204 1959 326 2036 Quodsi
352 1959 461 2047 igitur
484 1982 568 2026 uxor
591 1959 707 2048 aliqua
733 1981 853 2051 reapse
880 1959 1004 2026 marito
1027 1957 1130 2026 fidem
1163 1958 1342 2041 fefellerit,
1365 1981 1478 2025 nonne

158 2063 277 2132 debuit
299 2089 338 2133 ea
362 2071 503 2156 peracto
523 2067 590 2132 ritu
615 2089 647 2132 v.
678 2072 718 2132 16
740 2088 815 2156 sqq.
846 2065 1036 2154 descripto,
1063 2062 1199 2131 sceleris
1216 2065 1385 2152 gravitate
1397 2087 1478 2154 per-

158 2172 267 2252 culsa,
285 2172 410 2238 marito
425 2174 596 2239 amantius
618 2171 807 2239 adhaerere
826 2175 859 2238 et
872 2171 1018 2238 subiici?
1033 2175 1150 2237 Nonne
1165 2170 1324 2253 maritus,
1352 2170 1477 2238 clarius

158 2277 367 2366 perspiciens
378 2300 413 2344 se
427 2277 678 2368 suspicionibus
693 2279 765 2344 sine
778 2277 1024 2345 sufficientibus
1037 2276 1247 2363 argumentis
1259 2284 1374 2344 actum
1389 2299 1476 2359 esse,

159 2490 246 2557 duos
266 2490 406 2580 pacifice
429 2489 500 2557 iam
524 2498 557 2558 et
576 2496 732 2557 amanter
749 2489 1002 2571 cohabitanteS,
1020 2489 1237 2576 generationi
1259 2511 1399 2579 operam
1415 2512 1473 2558 na-

159 2601 286 2664 vantes.
312 2601 354 2664 at
376 2619 462 2664 uxor
484 2597 578 2679 item,
597 2619 686 2686 quae
700 2597 824 2663 iniuste
843 2597 881 2662 in
900 2596 1128 2685 suspicionem
1148 2602 1233 2663 esset
1247 2602 1384 2680 vocata,
1403 2619 1478 2664 ma-

160 2703 262 2770 ritum
285 2709 324 2771 ut
356 2703 460 2771 lalive
489 2702 647 2770 clientem
677 2702 871 2784 verebatur,
902 2702 1048 2770 fidenter
1072 2710 1209 2794 partum
1234 2703 1479 2794 opperiebatur

159 2809 390 2901 suspicionum
406 2809 563 2876 omnium
578 2809 830 2877 refutationem.

105 2939 109 2944 ·
202 2916 304 2984 Adest
328 2917 466 2984 tandem
489 2915 642 2983 edendae
662 2915 768 3006 prolis
788 2921 938 3006 tempuS,
965 2903 998 2982 et
1023 2917 1121 2984 nulla
1147 2916 1336 2988 innocentis
1362 2918 1478 2984 uxoris

158 3030 301 3112 apparet
331 3022 526 3092 infirmitas,
557 3027 689 3102 Quanta
717 3045 810 3089 nunc
839 3024 1046 3112 poenitentis
1076 3023 1193 3094 mariti
1219 3023 1403 3112 obsequia!
1436 3030 1478 3090 At

156 3129 232 3218 ipsa
251 3128 408 3218 querelas
431 3151 596 3196 renovare
626 3129 728 3196 lahve
752 3121 945 3195 reverentia
966 3128 1182 3218 prohibetur.
1208 3133 1333 3196 Verum
1351 3151 1478 3219 suppo-

158 3257 220 3302 nas
233 3257 373 3303 uxorem
395 3257 513 3325 reapse
532 3236 631 3302 fuisse
652 3234 813 3302 adulterii
833 3257 939 3302 ream.
967 3242 1018 3302 An
1039 3242 1140 3324 putas
1162 3257 1256 3306 nunc
1281 3236 1408 3301 lahven
1426 3257 1480 3302 su-

157 3341 367 3432 pernaturali
391 3345 552 3431 portento
575 3342 625 3431 pii
653 3341 821 3408 lsraelitae
849 3363 990 3408 uxorem
1018 3343 1089 3407 fore
1113 3363 1354 3431 percussurum
1381 3342 1478 3408 etin

158 3448 351 3538 exemplum
366 3455 399 3514 et
418 3447 696 3515 maledictionem
713 3448 884 3514 facturum
900 3447 994 3514 om'ni
1009 3447 1159 3537 populo?
1177 3453 1256 3516 Erat
1273 3453 1347 3515 tum
1362 3449 1478 3535 gravis

159 3553 247 3621 ratic
271 3554 517 3622 condonandae
539 3577 669 3645 poenae
690 3554 765 3645 ipsa
786 3554 901 3622 mariti
926 3556 1045 3644 pictas
1073 3559 1200 3622 Tamen
1223 3555 1398 3622 multoties
1420 3579 1479 3622 na-

161 3661 327 3729 turalibus
342 3661 483 3729 omnino
498 3661 540 3728 de
559 3661 669 3729 causis
687 3683 772 3728 uxor
789 3661 999 3728 infidelitatis
1017 3684 1166 3752 poenam
1180 3663 1323 3730 ferebat.
1346 3666 1476 3740 Quanto

157 3768 298 3859 propior
320 3768 473 3835 edendae
494 3767 602 3858 prolis
628 3767 700 3834 dies
723 3768 857 3852 aderat,
884 3773 978 3834 tanto
1000 3769 1112 3855 magis
1135 3773 1244 3835 mater
1261 3769 1478 3859 opprimeba-

158 3881 214 3942 tur
236 3875 440 3958 terroribus3
464 3875 698 3965 sequebantur
715 3874 927 3942 abortusaut
944 3875 1049 3964 ipsius
1068 3876 1188 3941 matris
1213 3897 1317 3942 mors.
1339 3875 1478 3942 Deficie-

158 3981 241 4048 bant
256 3987 373 4048 tamen
391 3982 445 4048 vel
465 3989 539 4049 tum
558 4003 721 4072 persaepe
737 3980 881 4047 indubia
904 3980 1019 4066 signa,
1036 3982 1161 4070 quibus
1179 4004 1200 4048 a
1217 3982 1320 4049 lahve
1340 3980 1476 4046 vindico

158 4087 397 4173 coniugiorum
429 4109 590 4178 percussa
623 4087 748 4154 mulier
780 4093 1025 4175 agnosceretur
1057 4108 1065 4156 τ
1100 4089 1212 4155 femur
1246 4107 1473 4171 marcescens,

158 4201 277 4260 venter
291 4201 493 4278 tumescens,
518 4201 705 4284 utrumque
727 4195 842 4265 simul.
871 4195 954 4261 llinc
975 4217 1028 4261 res
1057 4194 1219 4261 manebat
1239 4193 1386 4278 incerta,
1413 4195 1477 4261 lin-

157 4321 247 4387 guae
261 4321 423 4389 procaccs
436 4301 527 4368 circa
541 4302 706 4369 feretrum
718 4301 880 4384 silebant,
896 4323 966 4368 non
976 4301 1081 4368 fiebat
1093 4323 1131 4368 ea
1143 4299 1269 4366 mulier
1281 4301 1475 4391 exemplum

158 4413 193 4473 et
212 4405 419 4473 maledictio.
729 4412 732 4418 '

201 4512 508 4590 Quibus'omnibus
533 4515 709 4604 perpensis
735 4537 804 4582 non
828 4514 928 4581 video
954 4513 1181 4582 sufficientem
1203 4515 1369 4581 rationein
1391 4535 1476 4580 asse-

159 4620 274 4706 rendi,
300 4641 401 4711 saepe
422 4625 500 4710 post
521 4624 652 4708 Moysen
672 4621 781 4708 signis
807 4645 838 4687 v.
865 4629 908 4687 20
932 4643 1008 4710 sqq.
1026 4619 1207 4709 descriptis
1223 4621 1368 4689 indubie
1384 4626 1477 4708 pate-

158 4729 248 4794 facta
265 4749 335 4794 esse
350 4749 437 4817 quae
452 4732 531 4793 ante
551 4725 727 4794 latuissent
740 4726 920 4810 adulteria,
940 4724 1098 4816 pluresve
1112 4727 1273 4794 mulieres
1290 4749 1331 4793 ca
1346 4725 1477 4792 ratione

157 4836 264 4903 factas
287 4856 360 4903 esse
390 4835 546 4924 exempla
576 4838 610 4900 et
638 4832 906 4902 maledictiones.
936 4834 1026 4900 Nihil
1056 4833 1221 4902 eiusmodi
1249 4834 1417 4901 factorum
1441 4831 1478 4898 in
