3550 5424
757 439 956 484 brenehirst.

723 575 815 626 IUDA

252 777 313 827 Sela
331 773 374 842 [cl.
392 774 430 826 ad
447 768 573 836 ⁴‚21·‘·‘3)
719 699 820 820 Phircs
964 771 1035 820 Zara
1052 768 1095 834 (ci.
1113 770 1147 820 ad
1165 769 1289 836 hie-at)

360 940 394 976 ex
409 938 497 976 uxore
511 933 704 984 anonyma-
719 924 821 971 llesran
836 947 871 957 -
887 935 921 972 ex
938 921 1063 984 ltphrath
1078 934 1151 972 nuru
1261 921 1358 972 llamal

406 998 450 1048 vel
466 994 600 1045 uxoribus
775 1060 780 1130 Ι
1006 1060 1010 1130 l

403 1064 629 1210 Γ-λΙΜ--η
730 1143 816 1193 Caleh
961 1143 1055 1206 Segub

409 1219 546 1269 leramcel
562 1218 632 1270 Ram
705 1223 742 1284 (v.
759 1223 841 1284 inira)
1003 1211 1007 1286 t

412 1294 446 1351 tv.
463 1288 540 1350 inira)
595 1289 599 1346 Ι
972 1293 1028 1342 lair

332 1359 864 1436 π--Λ--ῆ

321 1443 475 1493 aminadab
513 1445 644 1506 cognatio
660 1443 801 1494 Aharahei
818 1443 862 1503 tit

325 1509 499 1586 π-Λῆ
638 1514 643 1590 l

327 1594 490 1653 Nahassou,
610 1594 692 1646 labes

327 1685 410 1746 stirps
426 1684 505 1746 regia

230 1833 431 1896 Genealogiaru
446 1847 472 1882 v.
494 1833 575 1884 18-11
594 1834 746 1896 allegorice
766 1834 887 1898 explicat
905 1833 1001 1884 Wellb.
1018 1833 1106 1883 lusius
1122 1835 1150 1882 in
1166 1833 1361 1886 dissertatione
1373 1833 1413 1886 De
1425 1839 1517 1899 genti-

195 1921 246 1972 bus
263 1927 328 1984 etc,
343 1935 440 1986 presse
458 1925 559 1973 iterum
576 1924 604 1971 in
621 1923 834 1986 prolegomenis
848 1937 876 1986 p.
892 1923 944 1973 116
959 1937 1014 1986 sq.,
1031 1923 1078 1972 ubi
1093 1924 1164 1973 hace
1179 1922 1263 1974 habet
1278 1938 1286 1972 ;
1304 1939 1316 1971 r
1332 1924 1444 1974 Maximi
1457 1938 1519 1975 mo-

195 2012 281 2061 menti
300 2015 366 2060 sunt
385 2011 576 2062 additamenta
597 2013 781 2076 genealogiae
805 2011 901 2062 Galebi
923 2011 1077 2075 adscripta,
1095 2024 1214 2074 qarorum
1232 2024 1290 2062 una
1308 2026 1373 2076 pars
1392 2025 1417 2060 v.
1438 2013 1515 2063 18-11

195 2099 389 2162 genealogiam
406 2100 503 2151 calebi
522 2101 676 2160 antecedit,
695 2101 783 2150 altera
802 2101 919 2150 eandem
935 2113 962 2150 v.
978 2096 1076 2150 seb-55
1095 2101 1188 2164 aptius
1207 2102 1396 2164 consequitur.
1412 2101 1516 2152 Osten-

194 2186 265 2237 dunt
278 2200 313 2236 ea
327 2186 462 2238 Calcbum
475 2191 531 2239 lam
541 2202 598 2239 non
614 2189 766 2239 australem
778 2189 898 2239 Iudaeae
910 2189 1044 2252 plagam»
1057 2185 1235 2253 (Habronem)
1250 2204 1261 2236 ι
1277 2202 1365 2252 prope
1377 2189 1516 2240 leramee-

195 2276 251 2326 lem
270 2275 440 2326 incolentem
466 2276 489 2340 (i
518 2278 594 2327 Sam.
613 2277 689 2337 15,3;
708 2276 803 2338 11,10;
822 2275 913 2336 aeni.
932 2275 985 2342 29),
1003 2290 1087 2339 quam
1113 2280 1178 2328 ante
1202 2278 1330 2327 exsilium
1351 2278 1513 2328 incoluerat.

195 2364 263 2415 Eius
278 2365 394 2428 stirpes,
412 2365 553 2416 derivatae
568 2379 666 2416 omnes
681 2367 715 2415 ab
731 2367 792 2416 eius
804 2364 862 2415 filie
878 2365 946 2426 tlur,
964 2366 1090 2415 incolunt
1104 2366 1285 2428 Bethlehem,
1303 2365 1513 2424 cariathiarim,

197 2453 327 2514 Saraam,
345 2453 461 2504 Esthaoi
483 2455 609 2518 aliasque
631 2454 666 2504 ad
688 2455 849 2517 aquilonem
873 2453 993 2504 iudaeae
1016 2454 1112 2514 urbes,
1129 2467 1247 2518 quarum
1262 2456 1377 2505 nomina
1393 2457 1422 2504 in
1438 2456 1516 2505 libris

197 2541 302 2593 Esdrae
315 2547 343 2592 et
357 2543 513 2594 Nehemiae
527 2547 683 2593 recurrunt.
699 2543 817 2594 Cessare
830 2543 915 2606 igitur
935 2541 1079 2594 Calebitae
1092 2543 1127 2592 ab
1143 2544 1243 2593 exsilio
1259 2544 1376 2594 reduces
1391 2545 1515 2607 pristinis

196 2627 254 2682 suis
277 2631 391 2682 sedibus
415 2632 542 2695 aliasque
568 2631 723 2682 obtinuere.
749 2631 865 2682 Factum
890 2633 942 2682 hoc
967 2633 1006 2682 ita
1027 2644 1053 2680 v.
1080 2632 1111 2681 19
1135 2632 1308 2695 exprimitur,
1334 2635 1365 2682 ut
1387 2631 1517 2682 deiuncta

162 2753 164 2758 -
195 2722 285 2784 prima
305 2737 318 2767 a
339 2715 371 2787 (1)
389 2737 400 2767 v
421 2733 507 2771 uxore
529 2721 625 2770 llzuba
645 2720 713 2770 bath
738 2721 843 2772 lerioth
864 2717 991 2792 (Deserta
1011 2712 1067 2770 filla
1091 2717 1259 2784 Nomadum)
1274 2720 1384 2772 duxerit
1399 2721 1516 2771 alteram

196 2809 282 2860 Galeb
296 2807 482 2872 Ephratham,
500 2822 515 2858 o
530 2822 586 2871 qua
604 2810 734 2872 genuerit
756 2809 876 2859 Hurum.
892 2809 1017 2873 Eplirath
1037 2821 1140 2860 nomen
1159 2813 1201 2859 est
1220 2811 1301 2873 pagi,
1317 2810 1346 2858 in
1366 2813 1516 2874 quoerant

198 2896 362 2948 Bethlehem
377 2902 405 2947 et
420 2897 631 2959 cariathiarim
650 2903 692 2949 est
706 2897 832 2961 prolecto
855 2898 929 2948 idem
951 2900 1035 2962 atque
1054 2897 1187 2962 Ephraim
1208 2905 1325 2959 nomen,
1342 2899 1416 2962 quod
1431 2899 1516 2949 doce-

197 2999 258 3036 mur
272 2987 385 3036 nomine
398 2987 513 3048 Ephrati
528 3002 552 3037 r.
570 2986 612 3037 Ad
629 2986 698 3037 haec
708 2987 839 3038 advertas
853 2988 1019 3050 sequentia:
1035 3000 1061 3036 v.
1078 2986 1160 3036 18-11
1170 2987 1240 3036 nihil
1253 2986 1338 3037 habet
1352 2988 1514 3050 allegoriae.

197 3075 247 3126 sed
261 3073 374 3125 crudam
387 3077 547 3134 veritatem;
565 3088 622 3124 non
637 3081 680 3126 est
695 3074 916 3126 additamentum
931 3075 966 3124 ad
981 3088 1009 3124 v.
1026 3075 1135 3136 lii-50³,
1152 3075 1202 3125 sed
1217 3077 1258 3125 est
1273 3077 1441 3139 genealogia
1455 3089 1517 3125 mu-

198 3164 273 3215 lieris
292 3163 431 3227 Ephrath,
449 3165 493 3213 cui
513 3176 577 3213 eum
596 3163 729 3226 Ephraim
749 3165 883 3227 quantum
904 3165 1033 3213 novimus
1053 3165 1124 3213 nihil
1143 3176 1305 3223 eommune;
1320 3177 1377 3213 non
1396 3170 1518 3226 aguntur

197 3265 242 3302 res
257 3253 319 3316 post
331 3253 474 3311 exsilium,
492 3252 541 3302 sed
556 3263 626 3302 aevo
640 3253 765 3302 mosaico
780 3255 873 3311 actae;
891 3255 921 3301 ut
943 3252 1038 3301 Azuba
1050 3251 1205 3315 explicetur
1221 3267 1233 3299 v
1250 3252 1368 3302 Deserta
1387 3251 1444 3303 filia
1458 3252 1517 3301 No-

199 3339 308 3390 madum
324 3357 353 3402 »,
371 3340 399 3390 id
414 3342 506 3390 inanis
521 3344 564 3391 est
577 3340 656 3391 lusus
670 3340 885 3403 etymologicus.
902 3340 1010 3390 Wellh.
1027 3341 1233 3403 nonexplicat,
1251 3353 1300 3390 cur
1312 3353 1340 3389 v.
1356 3341 1388 3390 11
1411 3341 1517 3392 Hesron

140 3479 141 3484 ,
198 3430 335 3480 scribatur
352 3445 363 3476 r
378 3430 623 3492 sexagenarium,
636 3442 699 3478 cum
716 3433 808 3479 tamen
824 3441 881 3478 non
896 3429 1073 3479 consueverit
1083 3428 1281 3492 allegoriarum
1296 3429 1416 3479 adscribi
1429 3436 1518 3480 aetas.

199 3519 219 3570 E
236 3533 261 3570 v.
279 3518 311 3569 13
327 3519 398 3570 haec
418 3519 469 3584 (De
490 3517 621 3581 gentibus
644 3521 698 3568 etc.
716 3531 742 3582 p.
762 3513 801 3582 15)
822 3519 919 3568 eruit:
940 3534 951 3564 r
976 3517 1086 3568 Diserte
1107 3517 1227 3580 denique
1251 3518 1375 3568 declarat
1393 3519 1519 3582 epilogus

199 3622 224 3657 v.
242 3607 290 3668 13,
307 3607 485 3658 haecomnia
500 3606 647 3670 desumpta
661 3619 724 3658 esse
739 3605 774 3656 de
788 3606 933 3669 catalog0,
950 3605 998 3655 uhi
1015 3605 1237 3656 numerabantur
1252 3606 1320 3656 B'ne
1335 3607 1441 3657 Macbir
1457 3609 1476 3658 i.
1493 3622 1517 3658 e.

200 3697 369 3757 llanassaei,
390 3708 446 3745 nen
467 3694 536 3746 B'ne
558 3695 627 3746 Iuda
652 3711 676 3746 r.
699 3696 821 3746 Nomina
844 3693 953 3758 Segub,
971 3695 1026 3744 lalr
1049 3700 1103 3745 ete.
1119 3694 1206 3746 tuisse
1229 3697 1316 3746 etiam
1338 3697 1366 3745 in
1391 3697 1519 3759 catalogo

200 3787 439 3846 Manassaeorum‚
457 3784 538 3835 labile
556 3786 756 3844 concesserim
775 3798 801 3834 v.
816 3783 848 3834 13
869 3797 903 3834 ex
924 3797 958 3834 eo
976 3783 1107 3847 catalogo
1128 3784 1270 3835 derivatus
1289 3797 1351 3834 esse
1366 3787 1454 3847 gratis
1468 3785 1518 3834 ad-

200 3877 324 3926 struitur.

483 4000 515 4060 1.
545 3993 959 4084 (tanealopioleromeell
986 3997 1064 4060 Par.
1083 3998 1234 4075 11511.

245 4193 327 4278 Arq.
347 4227 388 4238 -
411 4187 463 4255 Uti
480 4187 515 4254 in
533 4189 763 4278 praecedente
782 4187 987 4276 genealogia
1007 4188 1150 4278 (azuba,
1177 4186 1342 4276 Ephrath,
1365 4185 1516 4275 Ephrath

201 4295 263 4384 2⁰),
279 4297 326 4360 ita
345 4294 380 4360 in
401 4295 464 4361 hac
486 4300 707 4361 recensentur
728 4294 794 4361 viri
816 4317 949 4375 uxores,
975 4317 1007 4361 v.
1034 4302 1077 4362 15
1098 4294 1192 4384 prior
1215 4314 1400 4380 anonyma,
1420 4316 1451 4360 v.
1475 4299 1517 4359 16

201 4401 308 4468 altera
320 4401 458 4468 nomine
471 4407 583 4481 niara,
600 4424 631 4467 v.
648 4407 689 4467 17
705 4403 810 4469 habet
829 4401 918 4470 filios
933 4400 1155 4490 primogeniti
1175 4406 1287 4484 liram,
1301 4422 1333 4466 v.
1352 4407 1394 4470 18
1411 4402 1517 4467 Onam

202 4509 310 4575 filium
332 4511 466 4574 Atarae.
489 4509 593 4574 liuius
612 4507 680 4574 duo
699 4507 763 4574 filii
779 4514 998 4574 recensentur
1019 4529 1026 4574 :
1049 4506 1176 4589 Semei,
1197 4505 1293 4573 cuius
1311 4508 1517 4594 genealogia

201 4617 353 4707 primum
372 4635 479 4703 usque
499 4614 543 4680 ad
564 4613 684 4681 Oholai
705 4614 884 4681 mulierem
902 4637 933 4680 v.
956 4615 1072 4680 bill-31
1094 4612 1311 4702 producitur;
1330 4618 1364 4679 et
1381 4611 1461 4679 lada
1482 4636 1513 4676 v.

202 4731 244 4791 31
270 4745 336 4812 sq.,
362 4719 422 4788 ubi
443 4725 514 4786 tota
536 4719 742 4808 genealogia
765 4718 985 4787 concluditur
1012 4719 1154 4787 vocibus
1182 4745 1198 4780 «
1213 4719 1272 4786 lsti
1295 4719 1436 4785 fuerunt
1457 4719 1520 4784 filii

202 4829 362 4897 lerameel
386 4853 416 4893 n.
442 4825 505 4894 Sed
527 4825 682 4917 sequitur
696 4824 971 4893 additamentam
995 4847 1027 4892 v.
1054 4832 1154 4894 at-tt
1183 4826 1335 4893 :Oholai
1349 4846 1395 4891 sc.
1412 4832 1517 4914 nupta

625 4953 803 4991 urrrrmrrn.
822 4969 853 4978 -
871 4953 896 4991 ιη
913 4953 1036 4990 rrrrnos
1055 4967 1085 4977 -
1104 4945 1132 4990 13
