<?xml version="1.0" encoding="UTF-8"?>
<!DOCTYPE html PUBLIC "-//W3C//DTD XHTML 1.0 Transitional//EN"
    "http://www.w3.org/TR/xhtml1/DTD/xhtml1-transitional.dtd">
<html xmlns="http://www.w3.org/1999/xhtml" xml:lang="en" lang="en">
 <head>
  <title>
</title>
<meta http-equiv="Content-Type" content="text/html;charset=utf-8" />
  <meta name='ocr-system' content='tesseract 3.04.00' />
  <meta name='ocr-capabilities' content='ocr_page ocr_carea ocr_par ocr_line ocrx_word'/>
</head>
<body>
  <div class='ocr_page' id='page_1' title='image "./commentariusinn00hummgoog_0362.png"; bbox 0 0 3554 5406; ppageno 0'>
   <div class='ocr_carea' id='block_1_1' title="bbox 731 411 1530 504">
    <p class='ocr_par' dir='ltr' id='par_1_1' title="bbox 731 411 1530 504">
     <span class='ocr_line' id='line_1_1' title="bbox 731 411 1530 504; baseline 0.008 -34"><span class='ocrx_word' id='word_1_1' title='bbox 731 427 805 470; x_wconf 86' lang='lat' dir='ltr'>unu.</span> <span class='ocrx_word' id='word_1_2' title='bbox 829 411 920 482; x_wconf 67' lang='lat' dir='ltr'>sipi</span> <span class='ocrx_word' id='word_1_3' title='bbox 944 429 1006 480; x_wconf 84' lang='lat' dir='ltr'>sao.</span> <span class='ocrx_word' id='word_1_4' title='bbox 1129 499 1135 504; x_wconf 28' lang='grc' dir='ltr'>ι</span> <span class='ocrx_word' id='word_1_5' title='bbox 1469 418 1530 478; x_wconf 73' lang='grc'>349</span> 
     </span>
    </p>
   </div>
   <div class='ocr_carea' id='block_1_2' title="bbox 200 558 1531 3411">
    <p class='ocr_par' dir='ltr' id='par_1_2' title="bbox 200 558 1531 3411">
     <span class='ocr_line' id='line_1_2' title="bbox 209 558 1530 654; baseline 0.003 -27"><span class='ocrx_word' id='word_1_6' title='bbox 209 569 275 628; x_wconf 90' lang='lat' dir='ltr'>tem</span> <span class='ocrx_word' id='word_1_7' title='bbox 292 560 400 627; x_wconf 90' lang='lat' dir='ltr'>deleri</span> <span class='ocrx_word' id='word_1_8' title='bbox 413 558 654 649; x_wconf 81' lang='lat' dir='ltr'><strong>praecepisset,</strong></span> <span class='ocrx_word' id='word_1_9' title='bbox 668 559 823 626; x_wconf 92' lang='lat' dir='ltr'>omnium</span> <span class='ocrx_word' id='word_1_10' title='bbox 836 559 985 627; x_wconf 91' lang='lat' dir='ltr'>militum</span> <span class='ocrx_word' id='word_1_11' title='bbox 999 559 1181 642; x_wconf 71' lang='lat' dir='ltr'><strong>intererat,</strong></span> <span class='ocrx_word' id='word_1_12' title='bbox 1196 567 1349 651; x_wconf 88' lang='lat' dir='ltr'>utquam</span> <span class='ocrx_word' id='word_1_13' title='bbox 1362 563 1530 654; x_wconf 89' lang='lat' dir='ltr'>plurimos</span> 
     </span>
     <span class='ocr_line' id='line_1_3' title="bbox 208 657 1530 758; baseline 0.003 -26"><span class='ocrx_word' id='word_1_14' title='bbox 208 667 303 734; x_wconf 90' lang='lat' dir='ltr'>vivos</span> <span class='ocrx_word' id='word_1_15' title='bbox 325 665 491 733; x_wconf 88' lang='lat' dir='ltr'>ducerent</span> <span class='ocrx_word' id='word_1_16' title='bbox 514 664 676 755; x_wconf 87' lang='lat' dir='ltr'>captivos.</span> <span class='ocrx_word' id='word_1_17' title='bbox 695 657 727 731; x_wconf 81' lang='lat' dir='ltr'>ir.</span> <span class='ocrx_word' id='word_1_18' title='bbox 745 671 786 731; x_wconf 76' lang='lat'>27</span> <span class='ocrx_word' id='word_1_19' title='bbox 804 693 819 728; x_wconf 75' lang='lat' dir='ltr'>a</span> <span class='ocrx_word' id='word_1_20' title='bbox 840 665 1046 756; x_wconf 86' lang='lat' dir='ltr'>Dividesqae</span> <span class='ocrx_word' id='word_1_21' title='bbox 1061 689 1102 734; x_wconf 79' lang='lat' dir='ltr'>es</span> <span class='ocrx_word' id='word_1_22' title='bbox 1121 689 1230 756; x_wconf 83' lang='lat' dir='ltr'>aequo</span> <span class='ocrx_word' id='word_1_23' title='bbox 1248 669 1417 758; x_wconf 78' lang='lat' dir='ltr'><em>praedam</em></span> <span class='ocrx_word' id='word_1_24' title='bbox 1441 671 1530 738; x_wconf 74' lang='lat' dir='ltr'>irater</span> 
     </span>
     <span class='ocr_line' id='line_1_4' title="bbox 208 772 1531 862; baseline 0.002 -21"><span class='ocrx_word' id='word_1_25' title='bbox 208 796 279 858; x_wconf 89' lang='lat' dir='ltr'>eos,</span> <span class='ocrx_word' id='word_1_26' title='bbox 294 772 356 862; x_wconf 85' lang='lat' dir='ltr'>qui</span> <span class='ocrx_word' id='word_1_27' title='bbox 361 783 610 862; x_wconf 71' lang='lat' dir='ltr'>propriaberunt</span> <span class='ocrx_word' id='word_1_28' title='bbox 622 772 816 861; x_wconf 81' lang='lat' dir='ltr'>epressique</span> <span class='ocrx_word' id='word_1_29' title='bbox 830 784 909 838; x_wconf 84' lang='lat' dir='ltr'>sunt</span> <span class='ocrx_word' id='word_1_30' title='bbox 928 773 975 840; x_wconf 90' lang='lat' dir='ltr'>ad</span> <span class='ocrx_word' id='word_1_31' title='bbox 988 772 1128 854; x_wconf 86' lang='lat' dir='ltr'>bellam,</span> <span class='ocrx_word' id='word_1_32' title='bbox 1148 787 1181 840; x_wconf 89' lang='lat' dir='ltr'>et</span> <span class='ocrx_word' id='word_1_33' title='bbox 1195 773 1285 844; x_wconf 81' lang='lat' dir='ltr'>inter</span> <span class='ocrx_word' id='word_1_34' title='bbox 1299 797 1431 844; x_wconf 75' lang='lat' dir='ltr'>arranem</span> <span class='ocrx_word' id='word_1_35' title='bbox 1452 777 1531 844; x_wconf 85' lang='lat' dir='ltr'>reli·</span> 
     </span>
     <span class='ocr_line' id='line_1_5' title="bbox 208 877 1531 973; baseline 0.004 -27"><span class='ocrx_word' id='word_1_36' title='bbox 208 903 312 970; x_wconf 83' lang='lat' dir='ltr'>qaam</span> <span class='ocrx_word' id='word_1_37' title='bbox 327 878 585 945; x_wconf 72' lang='lat' dir='ltr'><em>multitudinem</em></span> <span class='ocrx_word' id='word_1_38' title='bbox 604 905 633 944; x_wconf 76' lang='lat' dir='ltr'>a.</span> <span class='ocrx_word' id='word_1_39' title='bbox 654 879 753 944; x_wconf 85' lang='lat' dir='ltr'>Hebr.</span> <span class='ocrx_word' id='word_1_40' title='bbox 771 899 784 942; x_wconf 94' lang='lat'><em>:</em></span> <span class='ocrx_word' id='word_1_41' title='bbox 797 877 1016 963; x_wconf 76' lang='lat' dir='ltr'><strong><em>dimidiabis,</em></strong></span> <span class='ocrx_word' id='word_1_42' title='bbox 1034 879 1212 946; x_wconf 80' lang='lat' dir='ltr'>dimidiam</span> <span class='ocrx_word' id='word_1_43' title='bbox 1228 903 1383 950; x_wconf 88' lang='lat' dir='ltr'>summae</span> <span class='ocrx_word' id='word_1_44' title='bbox 1398 889 1531 973; x_wconf 88' lang='lat' dir='ltr'>partem</span> 
     </span>
     <span class='ocr_line' id='line_1_6' title="bbox 204 973 1530 1075; baseline 0.004 -23"><span class='ocrx_word' id='word_1_45' title='bbox 204 986 362 1053; x_wconf 83' lang='lat' dir='ltr'>tribuens</span> <span class='ocrx_word' id='word_1_46' title='bbox 388 984 629 1068; x_wconf 77' lang='lat' dir='ltr'>bellatoribus,</span> <span class='ocrx_word' id='word_1_47' title='bbox 653 983 834 1052; x_wconf 84' lang='lat' dir='ltr'>dimidiam</span> <span class='ocrx_word' id='word_1_48' title='bbox 859 985 1002 1075; x_wconf 90' lang='lat' dir='ltr'>populo.</span> <span class='ocrx_word' id='word_1_49' title='bbox 1031 973 1330 1054; x_wconf 67' lang='lat' dir='ltr'>rarissumi.</span> <span class='ocrx_word' id='word_1_50' title='bbox 1366 988 1391 1057; x_wconf 89' lang='lat' dir='ltr'>i.</span> <span class='ocrx_word' id='word_1_51' title='bbox 1421 991 1530 1056; x_wconf 91' lang='lat' dir='ltr'>solum</span> 
     </span>
     <span class='ocr_line' id='line_1_7' title="bbox 207 1089 1528 1182; baseline 0.003 -22"><span class='ocrx_word' id='word_1_52' title='bbox 207 1091 368 1160; x_wconf 78' lang='lat' dir='ltr'>scribitur</span> <span class='ocrx_word' id='word_1_53' title='bbox 393 1114 400 1160; x_wconf 94' lang='lat'>:</span> <span class='ocrx_word' id='word_1_54' title='bbox 433 1089 478 1173; x_wconf 88' lang='lat' dir='ltr'>ii,</span> <span class='ocrx_word' id='word_1_55' title='bbox 503 1091 566 1180; x_wconf 83' lang='lat' dir='ltr'>qai</span> <span class='ocrx_word' id='word_1_56' title='bbox 596 1089 681 1157; x_wconf 86' lang='lat' dir='ltr'>bello</span> <span class='ocrx_word' id='word_1_57' title='bbox 706 1103 927 1182; x_wconf 83' lang='lat' dir='ltr'>occupantur,</span> <span class='ocrx_word' id='word_1_58' title='bbox 953 1113 1037 1180; x_wconf 80' lang='lat' dir='ltr'>ergo</span> <span class='ocrx_word' id='word_1_59' title='bbox 1062 1092 1239 1159; x_wconf 85' lang='lat' dir='ltr'>bellatores</span> <span class='ocrx_word' id='word_1_60' title='bbox 1272 1097 1377 1182; x_wconf 80' lang='lat' dir='ltr'><em>(LXX</em></span> <span class='ocrx_word' id='word_1_61' title='bbox 1406 1095 1528 1164; x_wconf 77' lang='lat' dir='ltr'>ataid.</span> 
     </span>
     <span class='ocr_line' id='line_1_8' title="bbox 207 1195 1528 1289; baseline 0.002 -23"><span class='ocrx_word' id='word_1_62' title='bbox 207 1201 319 1288; x_wconf 62' lang='lat' dir='ltr'>Syrm</span> <span class='ocrx_word' id='word_1_63' title='bbox 345 1204 378 1265; x_wconf 91' lang='lat' dir='ltr'>ct</span> <span class='ocrx_word' id='word_1_64' title='bbox 399 1196 540 1264; x_wconf 78' lang='lat' dir='ltr'>additur</span> <span class='ocrx_word' id='word_1_65' title='bbox 565 1196 628 1286; x_wconf 85' lang='lat' dir='ltr'>qai</span> <span class='ocrx_word' id='word_1_66' title='bbox 650 1198 777 1286; x_wconf 78' lang='lat' dir='ltr'>epressi</span> <span class='ocrx_word' id='word_1_67' title='bbox 797 1195 948 1263; x_wconf 81' lang='lat' dir='ltr'>suntad</span> <span class='ocrx_word' id='word_1_68' title='bbox 969 1197 1240 1288; x_wconf 73' lang='lat' dir='ltr'>expeditionem,</span> <span class='ocrx_word' id='word_1_69' title='bbox 1264 1222 1332 1289; x_wconf 90' lang='lat' dir='ltr'>quo</span> <span class='ocrx_word' id='word_1_70' title='bbox 1353 1203 1458 1268; x_wconf 89' lang='lat' dir='ltr'>verba</span> <span class='ocrx_word' id='word_1_71' title='bbox 1476 1225 1528 1269; x_wconf 88' lang='lat' dir='ltr'>re-</span> 
     </span>
     <span class='ocr_line' id='line_1_9' title="bbox 206 1302 1528 1396; baseline 0.004 -25"><span class='ocrx_word' id='word_1_72' title='bbox 206 1306 328 1392; x_wconf 83' lang='lat' dir='ltr'>stringi</span> <span class='ocrx_word' id='word_1_73' title='bbox 347 1304 507 1372; x_wconf 88' lang='lat' dir='ltr'>vidcntur</span> <span class='ocrx_word' id='word_1_74' title='bbox 530 1302 574 1370; x_wconf 88' lang='lat' dir='ltr'>ad</span> <span class='ocrx_word' id='word_1_75' title='bbox 593 1303 681 1371; x_wconf 90' lang='lat' dir='ltr'>solos</span> <span class='ocrx_word' id='word_1_76' title='bbox 707 1309 841 1382; x_wconf 70' lang='lat' dir='ltr'>iaceo.</span> <span class='ocrx_word' id='word_1_77' title='bbox 865 1304 928 1382; x_wconf 84' lang='lat' dir='ltr'>Qui</span> <span class='ocrx_word' id='word_1_78' title='bbox 950 1304 1019 1371; x_wconf 89' lang='lat' dir='ltr'>illis</span> <span class='ocrx_word' id='word_1_79' title='bbox 1033 1326 1067 1372; x_wconf 90' lang='lat' dir='ltr'>se</span> <span class='ocrx_word' id='word_1_80' title='bbox 1083 1305 1270 1392; x_wconf 86' lang='lat' dir='ltr'>junxerant</span> <span class='ocrx_word' id='word_1_81' title='bbox 1288 1306 1528 1396; x_wconf 73' lang='lat' dir='ltr'>praedatores,</span> 
     </span>
     <span class='ocr_line' id='line_1_10' title="bbox 207 1408 1528 1501; baseline 0.001 -22"><span class='ocrx_word' id='word_1_82' title='bbox 207 1411 320 1501; x_wconf 90' lang='lat' dir='ltr'>quoad</span> <span class='ocrx_word' id='word_1_83' title='bbox 342 1411 516 1500; x_wconf 88' lang='lat' dir='ltr'>mancipia</span> <span class='ocrx_word' id='word_1_84' title='bbox 538 1415 571 1476; x_wconf 92' lang='lat' dir='ltr'>et</span> <span class='ocrx_word' id='word_1_85' title='bbox 592 1408 758 1478; x_wconf 88' lang='lat' dir='ltr'>animalia</span> <span class='ocrx_word' id='word_1_86' title='bbox 780 1409 1000 1478; x_wconf 82' lang='lat' dir='ltr'>multitudini</span> <span class='ocrx_word' id='word_1_87' title='bbox 1021 1411 1300 1493; x_wconf 86' lang='lat' dir='ltr'>accensebantur,</span> <span class='ocrx_word' id='word_1_88' title='bbox 1321 1412 1379 1479; x_wconf 92' lang='lat' dir='ltr'>sed</span> <span class='ocrx_word' id='word_1_89' title='bbox 1401 1415 1528 1482; x_wconf 89' lang='lat' dir='ltr'>retine-</span> 
     </span>
     <span class='ocr_line' id='line_1_11' title="bbox 207 1515 1530 1610; baseline 0.002 -26"><span class='ocrx_word' id='word_1_90' title='bbox 207 1517 290 1584; x_wconf 89' lang='lat' dir='ltr'>bant</span> <span class='ocrx_word' id='word_1_91' title='bbox 314 1517 360 1604; x_wconf 85' lang='lat' dir='ltr'>(v.</span> <span class='ocrx_word' id='word_1_92' title='bbox 382 1517 451 1604; x_wconf 74' lang='lat'>53),</span> <span class='ocrx_word' id='word_1_93' title='bbox 469 1537 557 1606; x_wconf 87' lang='lat' dir='ltr'>quae</span> <span class='ocrx_word' id='word_1_94' title='bbox 579 1515 813 1606; x_wconf 90' lang='lat' dir='ltr'>arripuerant,</span> <span class='ocrx_word' id='word_1_95' title='bbox 835 1517 1038 1584; x_wconf 87' lang='lat' dir='ltr'>inanimata.</span> <span class='ocrx_word' id='word_1_96' title='bbox 1056 1539 1090 1584; x_wconf 92' lang='lat' dir='ltr'>v.</span> <span class='ocrx_word' id='word_1_97' title='bbox 1109 1523 1151 1585; x_wconf 76' lang='lat'>28</span> <span class='ocrx_word' id='word_1_98' title='bbox 1170 1545 1186 1580; x_wconf 84' lang='lat' dir='ltr'>u</span> <span class='ocrx_word' id='word_1_99' title='bbox 1203 1520 1248 1584; x_wconf 83' lang='lat' dir='ltr'>Et</span> <span class='ocrx_word' id='word_1_100' title='bbox 1262 1520 1435 1608; x_wconf 79' lang='lat' dir='ltr'>separabis</span> <span class='ocrx_word' id='word_1_101' title='bbox 1444 1543 1530 1610; x_wconf 83' lang='lat' dir='ltr'>par·-</span> 
     </span>
     <span class='ocr_line' id='line_1_12' title="bbox 207 1621 1529 1714; baseline 0.002 -24"><span class='ocrx_word' id='word_1_102' title='bbox 207 1636 273 1690; x_wconf 88' lang='lat' dir='ltr'>tem</span> <span class='ocrx_word' id='word_1_103' title='bbox 292 1623 438 1690; x_wconf 86' lang='lat' dir='ltr'>Domiuo</span> <span class='ocrx_word' id='word_1_104' title='bbox 456 1651 471 1682; x_wconf 89' lang='lat'>»</span> <span class='ocrx_word' id='word_1_105' title='bbox 490 1662 534 1674; x_wconf 91' lang='grc'><strong>-</strong></span> <span class='ocrx_word' id='word_1_106' title='bbox 554 1639 619 1688; x_wconf 74' lang='lat' dir='ltr'>osi:</span> <span class='ocrx_word' id='word_1_107' title='bbox 635 1624 737 1708; x_wconf 79' lang='lat' dir='ltr'>(iiiii</span> <span class='ocrx_word' id='word_1_108' title='bbox 753 1621 874 1690; x_wconf 84' lang='lat' dir='ltr'>Cltold.</span> <span class='ocrx_word' id='word_1_109' title='bbox 894 1621 1074 1711; x_wconf 82' lang='lat' dir='ltr'>tributam)</span> <span class='ocrx_word' id='word_1_110' title='bbox 1089 1623 1124 1688; x_wconf 94' lang='lat' dir='ltr'>h.</span> <span class='ocrx_word' id='word_1_111' title='bbox 1142 1622 1165 1690; x_wconf 93' lang='lat' dir='ltr'>l.</span> <span class='ocrx_word' id='word_1_112' title='bbox 1183 1625 1292 1692; x_wconf 93' lang='lat' dir='ltr'>solum</span> <span class='ocrx_word' id='word_1_113' title='bbox 1308 1625 1452 1714; x_wconf 72' lang='lat' dir='ltr'>legitur,</span> <span class='ocrx_word' id='word_1_114' title='bbox 1469 1627 1529 1692; x_wconf 87' lang='lat' dir='ltr'>sed</span> 
     </span>
     <span class='ocr_line' id='line_1_13' title="bbox 207 1727 1528 1820; baseline 0.003 -26"><span class='ocrx_word' id='word_1_115' title='bbox 207 1745 297 1794; x_wconf 72' lang='lat' dir='ltr'>ubst:</span> <span class='ocrx_word' id='word_1_116' title='bbox 310 1735 367 1797; x_wconf 81' lang='lat' dir='ltr'>Ex.</span> <span class='ocrx_word' id='word_1_117' title='bbox 389 1733 485 1811; x_wconf 79' lang='lat' dir='ltr'>ia,t;</span> <span class='ocrx_word' id='word_1_118' title='bbox 504 1734 580 1796; x_wconf 90' lang='lat' dir='ltr'>Lev.</span> <span class='ocrx_word' id='word_1_119' title='bbox 599 1735 700 1808; x_wconf 62' lang='lat' dir='ltr'>iiis</span> <span class='ocrx_word' id='word_1_120' title='bbox 716 1727 979 1795; x_wconf 80' lang='lat' dir='ltr'>determinatam</span> <span class='ocrx_word' id='word_1_121' title='bbox 989 1741 1141 1818; x_wconf 87' lang='lat' dir='ltr'>partem,</span> <span class='ocrx_word' id='word_1_122' title='bbox 1157 1730 1354 1820; x_wconf 81' lang='lat' dir='ltr'>portionem</span> <span class='ocrx_word' id='word_1_123' title='bbox 1370 1731 1528 1819; x_wconf 82' lang='lat' dir='ltr'>designat</span> 
     </span>
     <span class='ocr_line' id='line_1_14' title="bbox 205 1834 1531 1928; baseline 0.005 -30"><span class='ocrx_word' id='word_1_124' title='bbox 205 1873 250 1886; x_wconf 88' lang='lat'><em>-</em></span> <span class='ocrx_word' id='word_1_125' title='bbox 267 1863 282 1898; x_wconf 82' lang='lat' dir='ltr'>u</span> <span class='ocrx_word' id='word_1_126' title='bbox 295 1835 337 1903; x_wconf 83' lang='lat' dir='ltr'>ab</span> <span class='ocrx_word' id='word_1_127' title='bbox 352 1834 416 1912; x_wconf 81' lang='lat' dir='ltr'>liis,</span> <span class='ocrx_word' id='word_1_128' title='bbox 431 1835 493 1926; x_wconf 83' lang='lat' dir='ltr'>qui</span> <span class='ocrx_word' id='word_1_129' title='bbox 503 1847 747 1924; x_wconf 73' lang='lat' dir='ltr'>preparaverunt</span> <span class='ocrx_word' id='word_1_130' title='bbox 757 1847 790 1900; x_wconf 88' lang='lat' dir='ltr'>et</span> <span class='ocrx_word' id='word_1_131' title='bbox 802 1836 945 1923; x_wconf 77' lang='lat' dir='ltr'>[certine</span> <span class='ocrx_word' id='word_1_132' title='bbox 961 1834 997 1900; x_wconf 83' lang='lat' dir='ltr'>itt</span> <span class='ocrx_word' id='word_1_133' title='bbox 1011 1834 1096 1902; x_wconf 87' lang='lat' dir='ltr'>bella</span> <span class='ocrx_word' id='word_1_134' title='bbox 1116 1863 1146 1920; x_wconf 76' lang='lat' dir='ltr'>i),</span> <span class='ocrx_word' id='word_1_135' title='bbox 1158 1859 1178 1902; x_wconf 89' lang='lat' dir='ltr'>a</span> <span class='ocrx_word' id='word_1_136' title='bbox 1190 1836 1335 1904; x_wconf 88' lang='lat' dir='ltr'>dimidia</span> <span class='ocrx_word' id='word_1_137' title='bbox 1350 1843 1444 1928; x_wconf 88' lang='lat' dir='ltr'>parte</span> <span class='ocrx_word' id='word_1_138' title='bbox 1458 1838 1531 1905; x_wconf 90' lang='lat' dir='ltr'>bel·</span> 
     </span>
     <span class='ocr_line' id='line_1_15' title="bbox 208 1939 1528 2032; baseline 0.003 -26"><span class='ocrx_word' id='word_1_139' title='bbox 208 1942 373 2009; x_wconf 88' lang='lat' dir='ltr'>iatoribus</span> <span class='ocrx_word' id='word_1_140' title='bbox 389 1947 513 2022; x_wconf 63' lang='lat' dir='ltr'>liciti</span> <span class='ocrx_word' id='word_1_141' title='bbox 527 1939 761 2018; x_wconf 88' lang='lat' dir='ltr'>attribuenda,</span> <span class='ocrx_word' id='word_1_142' title='bbox 779 1967 795 2001; x_wconf 81' lang='lat' dir='ltr'>a</span> <span class='ocrx_word' id='word_1_143' title='bbox 813 1963 918 2007; x_wconf 79' lang='lat' dir='ltr'>acriam</span> <span class='ocrx_word' id='word_1_144' title='bbox 937 1941 1091 2008; x_wconf 79' lang='lat' dir='ltr'>aniciam</span> <span class='ocrx_word' id='word_1_145' title='bbox 1108 1941 1150 2008; x_wconf 88' lang='lat' dir='ltr'>de</span> <span class='ocrx_word' id='word_1_146' title='bbox 1162 1942 1379 2032; x_wconf 77' lang='lat' dir='ltr'>quippentis,</span> <span class='ocrx_word' id='word_1_147' title='bbox 1396 1958 1466 2012; x_wconf 88' lang='lat' dir='ltr'>tam</span> <span class='ocrx_word' id='word_1_148' title='bbox 1486 1968 1528 2010; x_wconf 80' lang='lat' dir='ltr'>ea</span> 
     </span>
     <span class='ocr_line' id='line_1_16' title="bbox 206 2045 1528 2137; baseline 0.002 -23"><span class='ocrx_word' id='word_1_149' title='bbox 206 2047 400 2115; x_wconf 80' lang='lat' dir='ltr'>bominibus</span> <span class='ocrx_word' id='word_1_150' title='bbox 421 2069 525 2137; x_wconf 83' lang='lat' dir='ltr'>quam</span> <span class='ocrx_word' id='word_1_151' title='bbox 548 2069 590 2114; x_wconf 77' lang='lat' dir='ltr'>ea</span> <span class='ocrx_word' id='word_1_152' title='bbox 605 2045 709 2113; x_wconf 82' lang='lat' dir='ltr'>bobtts</span> <span class='ocrx_word' id='word_1_153' title='bbox 728 2057 760 2112; x_wconf 91' lang='lat' dir='ltr'>et</span> <span class='ocrx_word' id='word_1_154' title='bbox 781 2046 889 2113; x_wconf 83' lang='lat' dir='ltr'>asinis</span> <span class='ocrx_word' id='word_1_155' title='bbox 905 2059 937 2113; x_wconf 90' lang='lat' dir='ltr'>et</span> <span class='ocrx_word' id='word_1_156' title='bbox 955 2048 1081 2132; x_wconf 72' lang='lat' dir='ltr'>avitiis,</span> <span class='ocrx_word' id='word_1_157' title='bbox 1107 2076 1121 2107; x_wconf 86' lang='lat'>»</span> <span class='ocrx_word' id='word_1_158' title='bbox 1140 2071 1172 2115; x_wconf 92' lang='lat' dir='ltr'>v.</span> <span class='ocrx_word' id='word_1_159' title='bbox 1194 2054 1236 2114; x_wconf 77' lang='grc'>99</span> <span class='ocrx_word' id='word_1_160' title='bbox 1254 2074 1270 2110; x_wconf 84' lang='lat' dir='ltr'>u</span> <span class='ocrx_word' id='word_1_161' title='bbox 1287 2061 1320 2115; x_wconf 87' lang='lat' dir='ltr'>et</span> <span class='ocrx_word' id='word_1_162' title='bbox 1338 2049 1434 2116; x_wconf 83' lang='lat' dir='ltr'>dabis</span> <span class='ocrx_word' id='word_1_163' title='bbox 1453 2073 1528 2117; x_wconf 88' lang='lat' dir='ltr'>eam</span> 
     </span>
     <span class='ocr_line' id='line_1_17' title="bbox 207 2151 1525 2243; baseline 0.002 -23"><span class='ocrx_word' id='word_1_164' title='bbox 207 2154 372 2222; x_wconf 83' lang='lat' dir='ltr'>Eleazaro</span> <span class='ocrx_word' id='word_1_165' title='bbox 383 2151 1075 2243; x_wconf 82' lang='lat' dir='ltr'>sacerdoti,qttiaprimitiaeDoministmt</span> <span class='ocrx_word' id='word_1_166' title='bbox 1086 2169 1241 2234; x_wconf 77' lang='lat' dir='ltr'>»,.·usi·in.</span> <span class='ocrx_word' id='word_1_167' title='bbox 1256 2159 1305 2222; x_wconf 84' lang='lat' dir='ltr'>lta</span> <span class='ocrx_word' id='word_1_168' title='bbox 1315 2155 1417 2222; x_wconf 87' lang='lat' dir='ltr'>etiam</span> <span class='ocrx_word' id='word_1_169' title='bbox 1424 2159 1525 2224; x_wconf 89' lang='lat' dir='ltr'><em>LXX.</em></span> 
     </span>
     <span class='ocr_line' id='line_1_18' title="bbox 207 2258 1528 2351; baseline -0.001 -22"><span class='ocrx_word' id='word_1_170' title='bbox 207 2260 342 2351; x_wconf 84' lang='lat' dir='ltr'>Reliqui</span> <span class='ocrx_word' id='word_1_171' title='bbox 356 2261 454 2327; x_wconf 88' lang='lat' dir='ltr'>initio</span> <span class='ocrx_word' id='word_1_172' title='bbox 476 2281 594 2327; x_wconf 90' lang='lat' dir='ltr'>versus</span> <span class='ocrx_word' id='word_1_173' title='bbox 607 2259 760 2327; x_wconf 80' lang='lat' dir='ltr'>scribunt</span> <span class='ocrx_word' id='word_1_174' title='bbox 777 2281 785 2328; x_wconf 90' lang='lat'>:</span> <span class='ocrx_word' id='word_1_175' title='bbox 802 2263 851 2325; x_wconf 88' lang='lat' dir='ltr'>De</span> <span class='ocrx_word' id='word_1_176' title='bbox 863 2258 1023 2349; x_wconf 82' lang='lat' dir='ltr'>porticae</span> <span class='ocrx_word' id='word_1_177' title='bbox 1042 2282 1160 2326; x_wconf 78' lang='lat' dir='ltr'>aarum</span> <span class='ocrx_word' id='word_1_178' title='bbox 1179 2261 1338 2342; x_wconf 78' lang='lat' dir='ltr'>sapietis,</span> <span class='ocrx_word' id='word_1_179' title='bbox 1354 2283 1400 2328; x_wconf 92' lang='lat' dir='ltr'>sc.</span> <span class='ocrx_word' id='word_1_180' title='bbox 1418 2263 1528 2329; x_wconf 91' lang='lat' dir='ltr'>bella-</span> 
     </span>
     <span class='ocr_line' id='line_1_19' title="bbox 207 2364 1527 2456; baseline 0.002 -24"><span class='ocrx_word' id='word_1_181' title='bbox 207 2375 332 2434; x_wconf 88' lang='lat' dir='ltr'>torum.</span> <span class='ocrx_word' id='word_1_182' title='bbox 351 2372 442 2445; x_wconf 84' lang='lat' dir='ltr'>Quae</span> <span class='ocrx_word' id='word_1_183' title='bbox 468 2367 572 2433; x_wconf 91' lang='lat' dir='ltr'>verba</span> <span class='ocrx_word' id='word_1_184' title='bbox 593 2365 724 2456; x_wconf 86' lang='lat' dir='ltr'>respuit</span> <span class='ocrx_word' id='word_1_185' title='bbox 745 2364 870 2432; x_wconf 63' lang='lat' dir='ltr'>sitim„</span> <span class='ocrx_word' id='word_1_186' title='bbox 885 2367 930 2433; x_wconf 93' lang='lat' dir='ltr'>ob</span> <span class='ocrx_word' id='word_1_187' title='bbox 955 2373 987 2432; x_wconf 81' lang='lat' dir='ltr'>i.</span> <span class='ocrx_word' id='word_1_188' title='bbox 1013 2388 1101 2456; x_wconf 90' lang='lat' dir='ltr'>pers.</span> <span class='ocrx_word' id='word_1_189' title='bbox 1124 2367 1215 2456; x_wconf 92' lang='lat' dir='ltr'>plur.</span> <span class='ocrx_word' id='word_1_190' title='bbox 1237 2371 1279 2433; x_wconf 79' lang='lat' dir='ltr'>At</span> <span class='ocrx_word' id='word_1_191' title='bbox 1299 2367 1395 2434; x_wconf 88' lang='lat' dir='ltr'>Sam.</span> <span class='ocrx_word' id='word_1_192' title='bbox 1423 2368 1527 2435; x_wconf 90' lang='lat' dir='ltr'>habet</span> 
     </span>
     <span class='ocr_line' id='line_1_20' title="bbox 207 2472 1526 2566; baseline 0.002 -28"><span class='ocrx_word' id='word_1_193' title='bbox 207 2491 284 2566; x_wconf 77' lang='lat' dir='ltr'>apii,</span> <span class='ocrx_word' id='word_1_194' title='bbox 300 2474 356 2542; x_wconf 88' lang='lat' dir='ltr'>cui</span> <span class='ocrx_word' id='word_1_195' title='bbox 372 2473 449 2540; x_wconf 92' lang='lat' dir='ltr'>voci</span> <span class='ocrx_word' id='word_1_196' title='bbox 465 2472 627 2540; x_wconf 83' lang='lat' dir='ltr'>facillime</span> <span class='ocrx_word' id='word_1_197' title='bbox 642 2472 752 2561; x_wconf 87' lang='lat' dir='ltr'>potuit</span> <span class='ocrx_word' id='word_1_198' title='bbox 770 2494 961 2539; x_wconf 82' lang='lat' dir='ltr'>accrescere</span> <span class='ocrx_word' id='word_1_199' title='bbox 981 2487 992 2536; x_wconf 81' lang='lat' dir='ltr'>i</span> <span class='ocrx_word' id='word_1_200' title='bbox 1014 2474 1085 2539; x_wconf 88' lang='lat' dir='ltr'>sive</span> <span class='ocrx_word' id='word_1_201' title='bbox 1108 2495 1127 2540; x_wconf 87' lang='lat' dir='ltr'>a</span> <span class='ocrx_word' id='word_1_202' title='bbox 1142 2473 1298 2562; x_wconf 90' lang='lat' dir='ltr'>sequenti</span> <span class='ocrx_word' id='word_1_203' title='bbox 1318 2495 1399 2541; x_wconf 88' lang='lat' dir='ltr'>voce</span> <span class='ocrx_word' id='word_1_204' title='bbox 1414 2479 1526 2540; x_wconf 90' lang='lat' dir='ltr'>traus-</span> 
     </span>
     <span class='ocr_line' id='line_1_21' title="bbox 207 2577 1528 2670; baseline 0 -24"><span class='ocrx_word' id='word_1_205' title='bbox 207 2586 396 2668; x_wconf 87' lang='lat' dir='ltr'>sumpium,</span> <span class='ocrx_word' id='word_1_206' title='bbox 422 2580 493 2646; x_wconf 91' lang='lat' dir='ltr'>sive</span> <span class='ocrx_word' id='word_1_207' title='bbox 517 2578 638 2646; x_wconf 85' lang='lat' dir='ltr'>effectu</span> <span class='ocrx_word' id='word_1_208' title='bbox 659 2577 763 2645; x_wconf 89' lang='lat' dir='ltr'>solius</span> <span class='ocrx_word' id='word_1_209' title='bbox 785 2579 1029 2667; x_wconf 88' lang='lat' dir='ltr'>punctationie.</span> <span class='ocrx_word' id='word_1_210' title='bbox 1053 2601 1085 2646; x_wconf 92' lang='lat' dir='ltr'>v.</span> <span class='ocrx_word' id='word_1_211' title='bbox 1104 2585 1145 2646; x_wconf 86' lang='lat'>30</span> <span class='ocrx_word' id='word_1_212' title='bbox 1164 2609 1179 2641; x_wconf 82' lang='lat' dir='ltr'>u</span> <span class='ocrx_word' id='word_1_213' title='bbox 1196 2581 1252 2644; x_wconf 72' lang='lat' dir='ltr'>iia</span> <span class='ocrx_word' id='word_1_214' title='bbox 1266 2578 1380 2646; x_wconf 90' lang='lat' dir='ltr'>media</span> <span class='ocrx_word' id='word_1_215' title='bbox 1393 2601 1528 2670; x_wconf 84' lang='lat' dir='ltr'>quoqne</span> 
     </span>
     <span class='ocr_line' id='line_1_22' title="bbox 200 2683 1526 2776; baseline -0.001 -24"><span class='ocrx_word' id='word_1_216' title='bbox 200 2699 301 2776; x_wconf 86' lang='lat' dir='ltr'>parte</span> <span class='ocrx_word' id='word_1_217' title='bbox 317 2685 472 2774; x_wconf 79' lang='lat' dir='ltr'>filioram</span> <span class='ocrx_word' id='word_1_218' title='bbox 491 2684 598 2752; x_wconf 73' lang='lat' dir='ltr'>lmael</span> <span class='ocrx_word' id='word_1_219' title='bbox 611 2711 641 2764; x_wconf 86' lang='lat'>»,</span> <span class='ocrx_word' id='word_1_220' title='bbox 659 2684 904 2765; x_wconf 89' lang='lat' dir='ltr'>multitudinis,</span> <span class='ocrx_word' id='word_1_221' title='bbox 924 2713 939 2747; x_wconf 91' lang='lat'>«</span> <span class='ocrx_word' id='word_1_222' title='bbox 958 2683 1109 2775; x_wconf 84' lang='lat' dir='ltr'>accipias</span> <span class='ocrx_word' id='word_1_223' title='bbox 1129 2713 1145 2748; x_wconf 74' lang='lat' dir='ltr'>a</span> <span class='ocrx_word' id='word_1_224' title='bbox 1162 2723 1206 2736; x_wconf 82' lang='lat'>-</span> <span class='ocrx_word' id='word_1_225' title='bbox 1220 2687 1322 2752; x_wconf 76' lang='lat' dir='ltr'>Hebe.</span> <span class='ocrx_word' id='word_1_226' title='bbox 1339 2685 1436 2754; x_wconf 90' lang='lat' dir='ltr'>addit</span> <span class='ocrx_word' id='word_1_227' title='bbox 1454 2708 1526 2752; x_wconf 86' lang='lat' dir='ltr'>scr-</span> 
     </span>
     <span class='ocr_line' id='line_1_23' title="bbox 206 2790 1527 2882; baseline 0 -24"><span class='ocrx_word' id='word_1_228' title='bbox 206 2806 289 2875; x_wconf 84' lang='lat' dir='ltr'>iem,</span> <span class='ocrx_word' id='word_1_229' title='bbox 307 2813 409 2881; x_wconf 90' lang='lat' dir='ltr'>quem</span> <span class='ocrx_word' id='word_1_230' title='bbox 429 2813 565 2860; x_wconf 87' lang='lat' dir='ltr'>sensum</span> <span class='ocrx_word' id='word_1_231' title='bbox 587 2790 661 2858; x_wconf 87' lang='lat' dir='ltr'>voci</span> <span class='ocrx_word' id='word_1_232' title='bbox 676 2805 735 2856; x_wconf 75' lang='lat' dir='ltr'>triu</span> <span class='ocrx_word' id='word_1_233' title='bbox 749 2791 902 2858; x_wconf 88' lang='lat' dir='ltr'>vindicat</span> <span class='ocrx_word' id='word_1_234' title='bbox 918 2798 934 2857; x_wconf 92' lang='lat'>1</span> <span class='ocrx_word' id='word_1_235' title='bbox 951 2795 1026 2858; x_wconf 91' lang='lat' dir='ltr'>Par.</span> <span class='ocrx_word' id='word_1_236' title='bbox 1044 2797 1123 2875; x_wconf 73' lang='lat' dir='ltr'>it,5</span> <span class='ocrx_word' id='word_1_237' title='bbox 1137 2814 1189 2882; x_wconf 91' lang='lat' dir='ltr'>sq.</span> <span class='ocrx_word' id='word_1_238' title='bbox 1208 2812 1215 2860; x_wconf 94' lang='lat'><strong>:</strong></span> <span class='ocrx_word' id='word_1_239' title='bbox 1234 2813 1319 2878; x_wconf 85' lang='lat' dir='ltr'>ergo</span> <span class='ocrx_word' id='word_1_240' title='bbox 1334 2796 1422 2859; x_wconf 89' lang='lat' dir='ltr'>sorte</span> <span class='ocrx_word' id='word_1_241' title='bbox 1440 2791 1527 2859; x_wconf 90' lang='lat' dir='ltr'>deti-</span> 
     </span>
     <span class='ocr_line' id='line_1_24' title="bbox 205 2895 1527 2989; baseline 0 -23"><span class='ocrx_word' id='word_1_242' title='bbox 205 2899 375 2979; x_wconf 89' lang='lat' dir='ltr'>niebatur,</span> <span class='ocrx_word' id='word_1_243' title='bbox 393 2921 480 2987; x_wconf 88' lang='lat' dir='ltr'>quac</span> <span class='ocrx_word' id='word_1_244' title='bbox 508 2896 673 2965; x_wconf 88' lang='lat' dir='ltr'>animalia</span> <span class='ocrx_word' id='word_1_245' title='bbox 693 2897 942 2980; x_wconf 59' lang='lat' dir='ltr'>sacerdotibus</span> <span class='ocrx_word' id='word_1_246' title='bbox 958 2895 1091 2987; x_wconf 88' lang='lat' dir='ltr'>quaeve</span> <span class='ocrx_word' id='word_1_247' title='bbox 1112 2897 1224 2965; x_wconf 88' lang='lat' dir='ltr'>levitis</span> <span class='ocrx_word' id='word_1_248' title='bbox 1252 2898 1429 2979; x_wconf 87' lang='lat' dir='ltr'>cederent,</span> <span class='ocrx_word' id='word_1_249' title='bbox 1459 2922 1527 2989; x_wconf 90' lang='lat' dir='ltr'>quo</span> 
     </span>
     <span class='ocr_line' id='line_1_25' title="bbox 206 3002 1529 3093; baseline 0.001 -24"><span class='ocrx_word' id='word_1_250' title='bbox 206 3004 359 3070; x_wconf 88' lang='lat' dir='ltr'>infinitae</span> <span class='ocrx_word' id='word_1_251' title='bbox 374 3002 660 3092; x_wconf 86' lang='lat' dir='ltr'>praecidebantur</span> <span class='ocrx_word' id='word_1_252' title='bbox 674 3005 892 3092; x_wconf 87' lang='lat' dir='ltr'>querelae-</span> <span class='ocrx_word' id='word_1_253' title='bbox 908 3032 924 3068; x_wconf 80' lang='lat' dir='ltr'>a</span> <span class='ocrx_word' id='word_1_254' title='bbox 945 3003 1270 3093; x_wconf 79' lang='lat' dir='ltr'>qrriaqaapesimum</span> <span class='ocrx_word' id='word_1_255' title='bbox 1291 3015 1395 3093; x_wconf 86' lang='lat' dir='ltr'>caput</span> <span class='ocrx_word' id='word_1_256' title='bbox 1419 3002 1529 3070; x_wconf 78' lang='lat' dir='ltr'>borni-</span> 
     </span>
     <span class='ocr_line' id='line_1_26' title="bbox 205 3107 1527 3190; baseline 0.002 -16"><span class='ocrx_word' id='word_1_257' title='bbox 205 3131 288 3175; x_wconf 85' lang='lat' dir='ltr'>mtm</span> <span class='ocrx_word' id='word_1_258' title='bbox 305 3122 336 3175; x_wconf 89' lang='lat' dir='ltr'>et</span> <span class='ocrx_word' id='word_1_259' title='bbox 361 3111 460 3175; x_wconf 81' lang='lat' dir='ltr'>bourn</span> <span class='ocrx_word' id='word_1_260' title='bbox 479 3121 512 3174; x_wconf 89' lang='lat' dir='ltr'>et</span> <span class='ocrx_word' id='word_1_261' title='bbox 530 3108 703 3174; x_wconf 74' lang='lat' dir='ltr'>asiriacum</span> <span class='ocrx_word' id='word_1_262' title='bbox 728 3120 759 3175; x_wconf 89' lang='lat' dir='ltr'>et</span> <span class='ocrx_word' id='word_1_263' title='bbox 779 3109 910 3189; x_wconf 87' lang='lat' dir='ltr'>ovium,</span> <span class='ocrx_word' id='word_1_264' title='bbox 929 3123 1125 3174; x_wconf 76' lang='lat' dir='ltr'>cunctarum</span> <span class='ocrx_word' id='word_1_265' title='bbox 1144 3108 1394 3190; x_wconf 79' lang='lat' dir='ltr'>animantiam,</span> <span class='ocrx_word' id='word_1_266' title='bbox 1411 3121 1443 3176; x_wconf 88' lang='lat' dir='ltr'>et</span> <span class='ocrx_word' id='word_1_267' title='bbox 1464 3107 1527 3176; x_wconf 87' lang='lat' dir='ltr'>da-</span> 
     </span>
     <span class='ocr_line' id='line_1_27' title="bbox 206 3187 1524 3306; baseline 0.002 -25"><span class='ocrx_word' id='word_1_268' title='bbox 206 3215 255 3282; x_wconf 85' lang='lat' dir='ltr'>bis</span> <span class='ocrx_word' id='word_1_269' title='bbox 277 3239 317 3282; x_wconf 92' lang='lat' dir='ltr'>ea</span> <span class='ocrx_word' id='word_1_270' title='bbox 337 3213 463 3299; x_wconf 86' lang='lat' dir='ltr'>levitis,</span> <span class='ocrx_word' id='word_1_271' title='bbox 482 3215 543 3306; x_wconf 83' lang='lat' dir='ltr'>qui</span> <span class='ocrx_word' id='word_1_272' title='bbox 562 3217 729 3282; x_wconf 76' lang='lat' dir='ltr'>aserebant</span> <span class='ocrx_word' id='word_1_273' title='bbox 749 3213 787 3280; x_wconf 80' lang='lat' dir='ltr'>ia</span> <span class='ocrx_word' id='word_1_274' title='bbox 806 3213 962 3280; x_wconf 86' lang='lat' dir='ltr'>custodia</span> <span class='ocrx_word' id='word_1_275' title='bbox 988 3187 1199 3282; x_wconf 64' lang='lat' dir='ltr'>iabeiuaeali</span> <span class='ocrx_word' id='word_1_276' title='bbox 1218 3215 1359 3282; x_wconf 79' lang='lat' dir='ltr'>Daritiai</span> <span class='ocrx_word' id='word_1_277' title='bbox 1377 3243 1406 3280; x_wconf 90' lang='lat'>».</span> <span class='ocrx_word' id='word_1_278' title='bbox 1434 3239 1465 3284; x_wconf 89' lang='lat' dir='ltr'>v.</span> <span class='ocrx_word' id='word_1_279' title='bbox 1484 3223 1524 3289; x_wconf 88' lang='lat'>31</span> 
     </span>
     <span class='ocr_line' id='line_1_28' title="bbox 208 3320 1421 3411; baseline -0.002 -22"><span class='ocrx_word' id='word_1_280' title='bbox 208 3353 223 3385; x_wconf 82' lang='lat' dir='ltr'>u</span> <span class='ocrx_word' id='word_1_281' title='bbox 249 3326 485 3411; x_wconf 83' lang='lat' dir='ltr'>Fecerantque</span> <span class='ocrx_word' id='word_1_282' title='bbox 499 3324 632 3410; x_wconf 81' lang='lat' dir='ltr'>Moyses</span> <span class='ocrx_word' id='word_1_283' title='bbox 650 3333 683 3386; x_wconf 88' lang='lat' dir='ltr'>et</span> <span class='ocrx_word' id='word_1_284' title='bbox 695 3320 855 3400; x_wconf 82' lang='lat' dir='ltr'>Eleazar,</span> <span class='ocrx_word' id='word_1_285' title='bbox 872 3320 960 3386; x_wconf 87' lang='lat' dir='ltr'>sieut</span> <span class='ocrx_word' id='word_1_286' title='bbox 971 3334 1194 3410; x_wconf 83' lang='lat' dir='ltr'>praeceperat</span> <span class='ocrx_word' id='word_1_287' title='bbox 1209 3321 1376 3388; x_wconf 85' lang='lat' dir='ltr'>Dominus</span> <span class='ocrx_word' id='word_1_288' title='bbox 1392 3349 1421 3387; x_wconf 75' lang='lat' dir='ltr'>s.</span> 
     </span>
    </p>
   </div>
   <div class='ocr_carea' id='block_1_3' title="bbox 242 3526 1524 3610">
    <p class='ocr_par' dir='ltr' id='par_1_3' title="bbox 242 3526 1524 3610">
     <span class='ocr_line' id='line_1_29' title="bbox 242 3526 1524 3610; baseline -0.002 -28"><span class='ocrx_word' id='word_1_289' title='bbox 242 3533 316 3596; x_wconf 86' lang='lat' dir='ltr'>Ergo</span> <span class='ocrx_word' id='word_1_290' title='bbox 339 3532 500 3582; x_wconf 83' lang='lat' dir='ltr'>sacerdotes</span> <span class='ocrx_word' id='word_1_291' title='bbox 523 3529 737 3610; x_wconf 53' lang='grc' dir='ltr'>αοοὶρὶεὴαηῑὲ</span> <span class='ocrx_word' id='word_1_292' title='bbox 762 3529 818 3590; x_wconf 70' lang='grc'>010,</span> <span class='ocrx_word' id='word_1_293' title='bbox 843 3529 945 3580; x_wconf 88' lang='lat' dir='ltr'>levitae</span> <span class='ocrx_word' id='word_1_294' title='bbox 972 3527 987 3578; x_wconf 84' lang='lat' dir='ltr'>i</span> <span class='ocrx_word' id='word_1_295' title='bbox 1011 3526 1057 3592; x_wconf 86' lang='lat' dir='ltr'>⁰l⁰</span> <span class='ocrx_word' id='word_1_296' title='bbox 1082 3530 1167 3579; x_wconf 88' lang='lat' dir='ltr'>totius</span> <span class='ocrx_word' id='word_1_297' title='bbox 1189 3531 1373 3580; x_wconf 88' lang='lat' dir='ltr'>animantium</span> <span class='ocrx_word' id='word_1_298' title='bbox 1394 3528 1524 3594; x_wconf 85' lang='lat' dir='ltr'>praedae.</span> 
     </span>
    </p>
   </div>
   <div class='ocr_carea' id='block_1_4' title="bbox 204 3631 1569 4493">
    <p class='ocr_par' dir='ltr' id='par_1_4' title="bbox 204 3631 1569 4493">
     <span class='ocr_line' id='line_1_30' title="bbox 208 3631 1523 3697; baseline -0.003 -12"><span class='ocrx_word' id='word_1_299' title='bbox 208 3653 218 3684; x_wconf 76' lang='grc' dir='ltr'>ι</span> <span class='ocrx_word' id='word_1_300' title='bbox 236 3635 355 3694; x_wconf 81' lang='lat' dir='ltr'>Notaui,</span> <span class='ocrx_word' id='word_1_301' title='bbox 369 3635 409 3684; x_wconf 84' lang='lat' dir='ltr'>sio</span> <span class='ocrx_word' id='word_1_302' title='bbox 421 3633 540 3684; x_wconf 86' lang='lat' dir='ltr'>eandem</span> <span class='ocrx_word' id='word_1_303' title='bbox 554 3633 763 3697; x_wconf 74' lang='lat' dir='ltr'>proportionem</span> <span class='ocrx_word' id='word_1_304' title='bbox 778 3631 823 3682; x_wconf 83' lang='lat' dir='ltr'>iiic</span> <span class='ocrx_word' id='word_1_305' title='bbox 838 3631 959 3692; x_wconf 83' lang='lat' dir='ltr'>servari,</span> <span class='ocrx_word' id='word_1_306' title='bbox 976 3644 1049 3694; x_wconf 87' lang='lat' dir='ltr'>quae</span> <span class='ocrx_word' id='word_1_307' title='bbox 1064 3631 1093 3680; x_wconf 93' lang='lat' dir='ltr'>in</span> <span class='ocrx_word' id='word_1_308' title='bbox 1113 3631 1286 3684; x_wconf 88' lang='lat' dir='ltr'>decimarum</span> <span class='ocrx_word' id='word_1_309' title='bbox 1304 3631 1499 3683; x_wconf 84' lang='lat' dir='ltr'>distributione</span> <span class='ocrx_word' id='word_1_310' title='bbox 1517 3646 1523 3680; x_wconf 92' lang='lat'>:</span> 
     </span>
     <span class='ocr_line' id='line_1_31' title="bbox 206 3719 1521 3784; baseline -0.004 -10"><span class='ocrx_word' id='word_1_311' title='bbox 206 3726 335 3774; x_wconf 88' lang='lat' dir='ltr'>nimirum</span> <span class='ocrx_word' id='word_1_312' title='bbox 350 3726 380 3772; x_wconf 86' lang='lat' dir='ltr'>ut</span> <span class='ocrx_word' id='word_1_313' title='bbox 397 3722 536 3772; x_wconf 87' lang='lat' dir='ltr'>decimum</span> <span class='ocrx_word' id='word_1_314' title='bbox 554 3723 627 3782; x_wconf 86' lang='lat' dir='ltr'>eius,</span> <span class='ocrx_word' id='word_1_315' title='bbox 645 3720 720 3784; x_wconf 86' lang='lat' dir='ltr'>quod</span> <span class='ocrx_word' id='word_1_316' title='bbox 734 3720 883 3772; x_wconf 85' lang='lat' dir='ltr'>levitarum</span> <span class='ocrx_word' id='word_1_317' title='bbox 898 3724 955 3779; x_wconf 85' lang='lat' dir='ltr'>est,</span> <span class='ocrx_word' id='word_1_318' title='bbox 971 3719 1006 3770; x_wconf 86' lang='lat' dir='ltr'>ad</span> <span class='ocrx_word' id='word_1_319' title='bbox 1024 3719 1186 3770; x_wconf 84' lang='lat' dir='ltr'>sacerdotes</span> <span class='ocrx_word' id='word_1_320' title='bbox 1205 3721 1350 3784; x_wconf 86' lang='lat' dir='ltr'>perveniat</span> <span class='ocrx_word' id='word_1_321' title='bbox 1369 3736 1380 3768; x_wconf 79' lang='grc' dir='ltr'><strong><em>ι</em></strong></span> <span class='ocrx_word' id='word_1_322' title='bbox 1404 3719 1521 3784; x_wconf 67' lang='lat' dir='ltr'>(liutai.</span> 
     </span>
     <span class='ocr_line' id='line_1_32' title="bbox 206 3807 1569 3876; baseline -0.006 -11"><span class='ocrx_word' id='word_1_323' title='bbox 206 3812 248 3866; x_wconf 83' lang='lat' dir='ltr'>oi.</span> <span class='ocrx_word' id='word_1_324' title='bbox 269 3811 345 3871; x_wconf 75' lang='grc' dir='ltr'>18,ἳό</span> <span class='ocrx_word' id='word_1_325' title='bbox 360 3824 420 3876; x_wconf 86' lang='lat' dir='ltr'>sqq.</span> <span class='ocrx_word' id='word_1_326' title='bbox 438 3810 563 3860; x_wconf 87' lang='lat' dir='ltr'>Habetur</span> <span class='ocrx_word' id='word_1_327' title='bbox 585 3809 681 3872; x_wconf 88' lang='lat' dir='ltr'>utiquc</span> <span class='ocrx_word' id='word_1_328' title='bbox 696 3810 843 3872; x_wconf 87' lang='lat' dir='ltr'>proportio</span> <span class='ocrx_word' id='word_1_329' title='bbox 858 3807 918 3858; x_wconf 88' lang='lat' dir='ltr'>iere</span> <span class='ocrx_word' id='word_1_330' title='bbox 935 3808 1033 3859; x_wconf 69' lang='lat' dir='ltr'>eathm</span> <span class='ocrx_word' id='word_1_331' title='bbox 1051 3822 1059 3857; x_wconf 74' lang='lat' dir='ltr'>t</span> <span class='ocrx_word' id='word_1_332' title='bbox 1074 3821 1113 3859; x_wconf 88' lang='lat' dir='ltr'>sc.</span> <span class='ocrx_word' id='word_1_333' title='bbox 1130 3809 1158 3858; x_wconf 87' lang='lat' dir='ltr'>b.</span> <span class='ocrx_word' id='word_1_334' title='bbox 1175 3809 1194 3860; x_wconf 93' lang='lat' dir='ltr'>i.</span> <span class='ocrx_word' id='word_1_335' title='bbox 1214 3809 1362 3860; x_wconf 89' lang='lat' dir='ltr'>levitarum</span> <span class='ocrx_word' id='word_1_336' title='bbox 1377 3809 1412 3858; x_wconf 87' lang='lat' dir='ltr'>ad</span> <span class='ocrx_word' id='word_1_337' title='bbox 1429 3821 1526 3858; x_wconf 85' lang='lat' dir='ltr'>sacer·</span> <span class='ocrx_word' id='word_1_338' title='bbox 1564 3868 1569 3876; x_wconf 32' lang='grc' dir='ltr'>Ι</span> 
     </span>
     <span class='ocr_line' id='line_1_33' title="bbox 205 3895 1525 3961; baseline -0.005 -9"><span class='ocrx_word' id='word_1_339' title='bbox 205 3902 284 3952; x_wconf 89' lang='lat' dir='ltr'>dotes</span> <span class='ocrx_word' id='word_1_340' title='bbox 296 3902 367 3950; x_wconf 85' lang='lat' dir='ltr'>ratio</span> <span class='ocrx_word' id='word_1_341' title='bbox 382 3901 424 3950; x_wconf 88' lang='lat' dir='ltr'>cst</span> <span class='ocrx_word' id='word_1_342' title='bbox 441 3901 513 3949; x_wconf 86' lang='lat' dir='ltr'>sicut</span> <span class='ocrx_word' id='word_1_343' title='bbox 528 3898 558 3948; x_wconf 87' lang='lat'>10</span> <span class='ocrx_word' id='word_1_344' title='bbox 576 3912 582 3947; x_wconf 96' lang='lat'>:</span> <span class='ocrx_word' id='word_1_345' title='bbox 602 3898 631 3958; x_wconf 89' lang='lat' dir='ltr'>i;</span> <span class='ocrx_word' id='word_1_346' title='bbox 648 3897 699 3958; x_wconf 92' lang='lat' dir='ltr'>ibi,</span> <span class='ocrx_word' id='word_1_347' title='bbox 716 3897 792 3961; x_wconf 87' lang='lat' dir='ltr'>quod</span> <span class='ocrx_word' id='word_1_348' title='bbox 807 3897 916 3947; x_wconf 86' lang='lat' dir='ltr'>decima</span> <span class='ocrx_word' id='word_1_349' title='bbox 933 3897 1062 3947; x_wconf 82' lang='lat' dir='ltr'>decimae</span> <span class='ocrx_word' id='word_1_350' title='bbox 1076 3897 1268 3948; x_wconf 85' lang='lat' dir='ltr'>sacerdotibus</span> <span class='ocrx_word' id='word_1_351' title='bbox 1282 3897 1460 3946; x_wconf 82' lang='lat' dir='ltr'>claritatum</span> <span class='ocrx_word' id='word_1_352' title='bbox 1475 3895 1525 3946; x_wconf 88' lang='lat' dir='ltr'>de-</span> 
     </span>
     <span class='ocr_line' id='line_1_34' title="bbox 204 3983 1523 4052; baseline -0.006 -12"><span class='ocrx_word' id='word_1_353' title='bbox 204 3991 276 4040; x_wconf 90' lang='lat' dir='ltr'>cima</span> <span class='ocrx_word' id='word_1_354' title='bbox 292 3989 438 4052; x_wconf 82' lang='lat' dir='ltr'>pendatur,</span> <span class='ocrx_word' id='word_1_355' title='bbox 455 3989 529 4038; x_wconf 89' lang='lat' dir='ltr'>sicut</span> <span class='ocrx_word' id='word_1_356' title='bbox 544 3987 559 4037; x_wconf 87' lang='lat'>9</span> <span class='ocrx_word' id='word_1_357' title='bbox 577 3999 583 4035; x_wconf 94' lang='lat'><strong>:</strong></span> <span class='ocrx_word' id='word_1_358' title='bbox 603 3987 626 4037; x_wconf 93' lang='lat' dir='ltr'>i.</span> <span class='ocrx_word' id='word_1_359' title='bbox 643 4011 679 4022; x_wconf 94' lang='lat'>-</span> <span class='ocrx_word' id='word_1_360' title='bbox 693 3985 896 4044; x_wconf 87' lang='lat' dir='ltr'>Bellatoribus,</span> <span class='ocrx_word' id='word_1_361' title='bbox 918 3986 959 4036; x_wconf 90' lang='lat' dir='ltr'>uti</span> <span class='ocrx_word' id='word_1_362' title='bbox 976 3998 1027 4048; x_wconf 89' lang='lat' dir='ltr'>par</span> <span class='ocrx_word' id='word_1_363' title='bbox 1044 3989 1118 4046; x_wconf 89' lang='lat' dir='ltr'>erat,</span> <span class='ocrx_word' id='word_1_364' title='bbox 1135 3987 1224 4035; x_wconf 90' lang='lat' dir='ltr'>maior</span> <span class='ocrx_word' id='word_1_365' title='bbox 1239 3983 1407 4034; x_wconf 85' lang='lat' dir='ltr'>obveniebat</span> <span class='ocrx_word' id='word_1_366' title='bbox 1418 3985 1523 4046; x_wconf 86' lang='lat' dir='ltr'>portio,</span> 
     </span>
     <span class='ocr_line' id='line_1_35' title="bbox 204 4073 1525 4141; baseline -0.005 -13"><span class='ocrx_word' id='word_1_367' title='bbox 204 4089 289 4141; x_wconf 87' lang='lat' dir='ltr'>quam</span> <span class='ocrx_word' id='word_1_368' title='bbox 303 4078 427 4140; x_wconf 89' lang='lat' dir='ltr'>reliquae</span> <span class='ocrx_word' id='word_1_369' title='bbox 437 4075 511 4141; x_wconf 88' lang='lat' dir='ltr'>plebi</span> <span class='ocrx_word' id='word_1_370' title='bbox 526 4073 640 4140; x_wconf 58' lang='lat' dir='ltr'>(Splai,</span> <span class='ocrx_word' id='word_1_371' title='bbox 654 4076 763 4126; x_wconf 87' lang='lat' dir='ltr'>ratione</span> <span class='ocrx_word' id='word_1_372' title='bbox 778 4073 828 4125; x_wconf 81' lang='lat' dir='ltr'>ies</span> <span class='ocrx_word' id='word_1_373' title='bbox 846 4088 851 4122; x_wconf 97' lang='lat'><strong>:</strong></span> <span class='ocrx_word' id='word_1_374' title='bbox 868 4074 918 4124; x_wconf 80' lang='lat' dir='ltr'>itio</span> <span class='ocrx_word' id='word_1_375' title='bbox 927 4087 934 4136; x_wconf 86' lang='lat'>;</span> <span class='ocrx_word' id='word_1_376' title='bbox 949 4076 992 4134; x_wconf 88' lang='lat' dir='ltr'>et,</span> <span class='ocrx_word' id='word_1_377' title='bbox 1010 4073 1084 4138; x_wconf 85' lang='lat' dir='ltr'>quod</span> <span class='ocrx_word' id='word_1_378' title='bbox 1099 4073 1179 4137; x_wconf 89' lang='lat' dir='ltr'>plebs</span> <span class='ocrx_word' id='word_1_379' title='bbox 1190 4073 1370 4124; x_wconf 86' lang='lat' dir='ltr'>numerosior</span> <span class='ocrx_word' id='word_1_380' title='bbox 1381 4083 1442 4122; x_wconf 85' lang='lat' dir='ltr'>esse</span> <span class='ocrx_word' id='word_1_381' title='bbox 1457 4085 1525 4122; x_wconf 90' lang='lat' dir='ltr'>oon·</span> 
     </span>
     <span class='ocr_line' id='line_1_36' title="bbox 204 4160 1522 4228; baseline -0.005 -12"><span class='ocrx_word' id='word_1_382' title='bbox 204 4167 326 4217; x_wconf 88' lang='lat' dir='ltr'>sueverit</span> <span class='ocrx_word' id='word_1_383' title='bbox 341 4167 473 4224; x_wconf 84' lang='lat' dir='ltr'>exercitu,</span> <span class='ocrx_word' id='word_1_384' title='bbox 488 4165 576 4215; x_wconf 85' lang='lat' dir='ltr'>maior</span> <span class='ocrx_word' id='word_1_385' title='bbox 589 4163 708 4228; x_wconf 80' lang='lat' dir='ltr'>singulis</span> <span class='ocrx_word' id='word_1_386' title='bbox 723 4163 860 4214; x_wconf 88' lang='lat' dir='ltr'>militibus</span> <span class='ocrx_word' id='word_1_387' title='bbox 874 4176 960 4227; x_wconf 88' lang='lat' dir='ltr'>quam</span> <span class='ocrx_word' id='word_1_388' title='bbox 975 4161 1095 4226; x_wconf 79' lang='lat' dir='ltr'>singulis</span> <span class='ocrx_word' id='word_1_389' title='bbox 1110 4162 1217 4211; x_wconf 83' lang='lat' dir='ltr'>civibus</span> <span class='ocrx_word' id='word_1_390' title='bbox 1232 4160 1408 4212; x_wconf 86' lang='lat' dir='ltr'>tribuebatur</span> <span class='ocrx_word' id='word_1_391' title='bbox 1420 4161 1522 4224; x_wconf 89' lang='lat' dir='ltr'>portio.</span> 
     </span>
     <span class='ocr_line' id='line_1_37' title="bbox 206 4248 1522 4312; baseline -0.005 -8"><span class='ocrx_word' id='word_1_392' title='bbox 206 4255 355 4305; x_wconf 87' lang='lat' dir='ltr'>Praeterea</span> <span class='ocrx_word' id='word_1_393' title='bbox 367 4254 469 4304; x_wconf 87' lang='lat' dir='ltr'>milites</span> <span class='ocrx_word' id='word_1_394' title='bbox 485 4257 558 4304; x_wconf 86' lang='lat' dir='ltr'>totas</span> <span class='ocrx_word' id='word_1_395' title='bbox 576 4251 629 4303; x_wconf 91' lang='lat' dir='ltr'>sibi</span> <span class='ocrx_word' id='word_1_396' title='bbox 650 4251 803 4303; x_wconf 83' lang='lat' dir='ltr'>servabant</span> <span class='ocrx_word' id='word_1_397' title='bbox 825 4265 871 4302; x_wconf 90' lang='lat' dir='ltr'>res</span> <span class='ocrx_word' id='word_1_398' title='bbox 890 4253 1069 4302; x_wconf 83' lang='lat' dir='ltr'>inanimatas.</span> <span class='ocrx_word' id='word_1_399' title='bbox 1087 4276 1121 4288; x_wconf 91' lang='lat'><em>-</em></span> <span class='ocrx_word' id='word_1_400' title='bbox 1140 4249 1268 4300; x_wconf 85' lang='lat' dir='ltr'>Dubitari</span> <span class='ocrx_word' id='word_1_401' title='bbox 1288 4248 1400 4300; x_wconf 85' lang='lat' dir='ltr'>tandem</span> <span class='ocrx_word' id='word_1_402' title='bbox 1415 4253 1522 4312; x_wconf 88' lang='lat' dir='ltr'>potest,</span> 
     </span>
     <span class='ocr_line' id='line_1_38' title="bbox 204 4337 1524 4408; baseline -0.005 -15"><span class='ocrx_word' id='word_1_403' title='bbox 204 4344 397 4408; x_wconf 85' lang='lat' dir='ltr'>acceperintne</span> <span class='ocrx_word' id='word_1_404' title='bbox 408 4342 493 4394; x_wconf 87' lang='lat' dir='ltr'>duces</span> <span class='ocrx_word' id='word_1_405' title='bbox 503 4343 565 4405; x_wconf 89' lang='lat' dir='ltr'>plus</span> <span class='ocrx_word' id='word_1_406' title='bbox 575 4341 713 4404; x_wconf 84' lang='lat' dir='ltr'>gregariis</span> <span class='ocrx_word' id='word_1_407' title='bbox 727 4340 878 4402; x_wconf 87' lang='lat' dir='ltr'>militibus,</span> <span class='ocrx_word' id='word_1_408' title='bbox 890 4339 1016 4404; x_wconf 76' lang='lat' dir='ltr'>pontifex</span> <span class='ocrx_word' id='word_1_409' title='bbox 1030 4338 1205 4402; x_wconf 86' lang='lat' dir='ltr'>simplicibus</span> <span class='ocrx_word' id='word_1_410' title='bbox 1215 4337 1421 4398; x_wconf 87' lang='lat' dir='ltr'>sacerdotibus,</span> <span class='ocrx_word' id='word_1_411' title='bbox 1433 4339 1524 4400; x_wconf 87' lang='lat' dir='ltr'>capita</span> 
     </span>
     <span class='ocr_line' id='line_1_39' title="bbox 204 4425 1525 4493; baseline -0.005 -11"><span class='ocrx_word' id='word_1_412' title='bbox 204 4431 351 4484; x_wconf 85' lang='lat' dir='ltr'>levitarum</span> <span class='ocrx_word' id='word_1_413' title='bbox 366 4437 393 4482; x_wconf 88' lang='lat' dir='ltr'>et</span> <span class='ocrx_word' id='word_1_414' title='bbox 407 4431 575 4482; x_wconf 85' lang='lat' dir='ltr'>iamlilarum</span> <span class='ocrx_word' id='word_1_415' title='bbox 587 4429 759 4493; x_wconf 88' lang='lat' dir='ltr'>simplicibus</span> <span class='ocrx_word' id='word_1_416' title='bbox 768 4429 859 4479; x_wconf 84' lang='lat' dir='ltr'>levitis</span> <span class='ocrx_word' id='word_1_417' title='bbox 869 4431 896 4480; x_wconf 88' lang='lat' dir='ltr'>et</span> <span class='ocrx_word' id='word_1_418' title='bbox 912 4428 1027 4479; x_wconf 88' lang='lat' dir='ltr'>civibus.</span> <span class='ocrx_word' id='word_1_419' title='bbox 1044 4427 1126 4478; x_wconf 81' lang='lat' dir='ltr'>Certe</span> <span class='ocrx_word' id='word_1_420' title='bbox 1138 4427 1317 4492; x_wconf 88' lang='lat' dir='ltr'>postmodum</span> <span class='ocrx_word' id='word_1_421' title='bbox 1328 4425 1441 4490; x_wconf 86' lang='lat' dir='ltr'>regibus</span> <span class='ocrx_word' id='word_1_422' title='bbox 1456 4439 1525 4476; x_wconf 89' lang='lat' dir='ltr'>con·</span> 
     </span>
    </p>
   </div>
   <div class='ocr_carea' id='block_1_5' title="bbox 203 4518 1051 4592">
    <p class='ocr_par' dir='ltr' id='par_1_5' title="bbox 203 4518 1051 4592">
     <span class='ocr_line' id='line_1_40' title="bbox 203 4518 1051 4592; baseline -0.011 -18"><span class='ocrx_word' id='word_1_423' title='bbox 203 4521 353 4573; x_wconf 86' lang='lat' dir='ltr'>cedebatur</span> <span class='ocrx_word' id='word_1_424' title='bbox 367 4519 458 4584; x_wconf 90' lang='lat' dir='ltr'>portio</span> <span class='ocrx_word' id='word_1_425' title='bbox 473 4519 586 4583; x_wconf 82' lang='lat' dir='ltr'>largior,</span> <span class='ocrx_word' id='word_1_426' title='bbox 603 4530 687 4582; x_wconf 88' lang='lat' dir='ltr'>quam</span> <span class='ocrx_word' id='word_1_427' title='bbox 702 4518 774 4569; x_wconf 87' lang='lat' dir='ltr'>aliis.</span> <span class='ocrx_word' id='word_1_428' title='bbox 1025 4563 1051 4592; x_wconf 40' lang='grc' dir='ltr'><strong>θ</strong></span> 
     </span>
    </p>
   </div>
   <div class='ocr_carea' id='block_1_6' title="bbox 204 4696 1525 4901">
    <p class='ocr_par' dir='ltr' id='par_1_6' title="bbox 204 4696 1525 4901">
     <span class='ocr_line' id='line_1_41' title="bbox 247 4696 1525 4790; baseline -0.009 -17"><span class='ocrx_word' id='word_1_429' title='bbox 247 4728 280 4773; x_wconf 84' lang='lat' dir='ltr'>v.</span> <span class='ocrx_word' id='word_1_430' title='bbox 308 4709 350 4771; x_wconf 78' lang='grc'>39</span> <span class='ocrx_word' id='word_1_431' title='bbox 367 4731 383 4766; x_wconf 83' lang='lat' dir='ltr'>a</span> <span class='ocrx_word' id='word_1_432' title='bbox 411 4701 494 4770; x_wconf 85' lang='lat' dir='ltr'>Fuit</span> <span class='ocrx_word' id='word_1_433' title='bbox 520 4714 636 4770; x_wconf 87' lang='lat' dir='ltr'>autem</span> <span class='ocrx_word' id='word_1_434' title='bbox 653 4697 805 4790; x_wconf 87' lang='lat' dir='ltr'>praedo,</span> <span class='ocrx_word' id='word_1_435' title='bbox 821 4721 926 4789; x_wconf 85' lang='lat' dir='ltr'>qaam</span> <span class='ocrx_word' id='word_1_436' title='bbox 949 4697 1119 4766; x_wconf 75' lang='lat' dir='ltr'>exercitas</span> <span class='ocrx_word' id='word_1_437' title='bbox 1144 4709 1295 4788; x_wconf 86' lang='lat' dir='ltr'>ceperat,</span> <span class='ocrx_word' id='word_1_438' title='bbox 1313 4696 1428 4763; x_wconf 76' lang='lat' dir='ltr'>avitam</span> <span class='ocrx_word' id='word_1_439' title='bbox 1447 4717 1525 4763; x_wconf 79' lang='lat' dir='ltr'>sea-</span> 
     </span>
     <span class='ocr_line' id='line_1_42' title="bbox 204 4802 1522 4901; baseline -0.008 -23"><span class='ocrx_word' id='word_1_440' title='bbox 204 4824 303 4880; x_wconf 85' lang='lat' dir='ltr'>centa</span> <span class='ocrx_word' id='word_1_441' title='bbox 321 4808 544 4901; x_wconf 79' lang='lat' dir='ltr'>septuapirtta</span> <span class='ocrx_word' id='word_1_442' title='bbox 567 4807 720 4898; x_wconf 83' lang='lat' dir='ltr'>quinque</span> <span class='ocrx_word' id='word_1_443' title='bbox 744 4804 857 4873; x_wconf 83' lang='lat' dir='ltr'>atillia</span> <span class='ocrx_word' id='word_1_444' title='bbox 881 4833 911 4889; x_wconf 88' lang='lat'>»,</span> <span class='ocrx_word' id='word_1_445' title='bbox 937 4828 967 4872; x_wconf 93' lang='lat' dir='ltr'>v.</span> <span class='ocrx_word' id='word_1_446' title='bbox 984 4808 1025 4874; x_wconf 83' lang='lat'>33</span> <span class='ocrx_word' id='word_1_447' title='bbox 1048 4833 1063 4866; x_wconf 94' lang='lat'>«</span> <span class='ocrx_word' id='word_1_448' title='bbox 1089 4807 1189 4872; x_wconf 83' lang='lat' dir='ltr'>boam</span> <span class='ocrx_word' id='word_1_449' title='bbox 1209 4803 1432 4894; x_wconf 78' lang='lat' dir='ltr'>septuapiuta</span> <span class='ocrx_word' id='word_1_450' title='bbox 1455 4802 1522 4870; x_wconf 80' lang='lat' dir='ltr'>dito</span> 
     </span>
    </p>
   </div>
   <div class='ocr_carea' id='block_1_7' title="bbox 0 0 1782 5406">
    <p class='ocr_par' dir='ltr' id='par_1_7' title="bbox 0 0 1782 5406">
     <span class='ocr_line' id='line_1_43' title="bbox 0 0 1782 5406; baseline 0 0"><span class='ocrx_word' id='word_1_451' title='bbox 0 0 1782 5406; x_wconf 95' lang='lat' dir='ltr'> </span> 
     </span>
    </p>
   </div>
  </div>
 </body>
</html>
