3538 5404
704 449 776 493 uun.
800 435 850 507 9‚i
874 452 938 504 suo.
1433 432 1477 491 ‘iiii

161 581 247 649 ordo
267 581 537 667 chronologicus.
560 581 652 649 lilius
666 583 794 673 quippe
814 585 954 652 secundi
973 585 1080 652 Phase
1099 582 1177 651 ideo
1193 590 1329 650 tantum
1348 579 1477 647 mentio

158 687 317 768 habetur,
332 710 402 777 quo
420 687 608 778 explicetur
630 689 758 756 facturn
782 691 915 782 aliquos
936 696 1010 758 tum
1037 691 1142 758 Phase
1166 711 1280 757 mense
1304 693 1381 778 post
1401 686 1479 752 reli-

162 815 248 884 quos
268 793 469 876 celebrasse,
486 796 511 862 i.
537 817 566 862 e.
593 793 648 862 die
672 801 727 861 lt*
746 796 868 864 mensis
884 797 1040 880 secundi,
1059 803 1094 864 et
1115 797 1169 863 lex
1188 817 1276 885 quae
1303 792 1479 860 occasione

160 899 236 968 eius
254 899 337 967 facti
357 900 448 968 edita
464 906 525 968 est.
549 902 624 968 Dies
646 909 762 969 autem
788 909 842 970 ii·
865 904 990 971 mensis
1010 903 1152 970 secundi
1175 923 1293 992 reapse
1313 899 1481 990 posterior

164 1012 215 1073 est
232 1014 264 1074 1·
281 1007 453 1096 die(1,1)‚
470 1014 504 1074 et
522 1008 674 1076 anterior
691 1016 748 1076 ao·
766 1009 821 1076 die
839 1010 968 1100 (10,11)
985 1009 1136 1077 eiusdem
1155 1009 1290 1075 mensis
1309 1011 1399 1092 Ergo
1413 1026 1481 1072 ser·

161 1118 261 1180 vatur
273 1114 358 1181 ordo
373 1119 579 1204 temporum.

202 1331 421 1384 Admirationem
442 1331 508 1383 lacit
526 1332 616 1385 oratio
636 1332 732 1384 divina
745 1333 882 1397 incipiens
895 1333 985 1384 torma
999 1333 1076 1384 verbi
1096 1331 1216 1391 iusstva,
1232 1329 1358 1395 praefixa
1380 1327 1483 1393 copula

167 1420 367 1484 insititiam.
388 1423 460 1470 Sam.
484 1421 607 1484 Ctaid.),·
624 1434 708 1486 maru
724 1423 848 1486 iniquam
867 1423 996 1486 copulam
1016 1433 1198 1486 suppressere
1222 1418 1296 1482 Vuip.
1321 1420 1395 1481 Sur„
1417 1416 1483 1467 dum

164 1509 231 1560 iri
252 1511 317 1559 ante
332 1509 410 1560 iilam
424 1509 591 1574 supplevere
610 1503 696 1572 εἶπον,
713 1513 804 1562 orium
821 1510 939 1562 tortasse
959 1525 975 1562 e
995 1511 1162 1574 repetitione
1181 1505 1375 1572 praecedentis
1395 1507 1481 1556 vocis.

169 1595 278 1648 Solutio
294 1596 402 1649 facilior
416 1598 486 1648 baec
502 1603 545 1649 est
561 1612 567 1647 :
583 1599 726 1664 eloquium
739 1613 765 1649 v.
786 1599 856 1664 tsq.
872 1600 967 1650 retulit
981 1599 1091 1662 Moyses
1109 1596 1285 1648 solummodo
1299 1593 1484 1659 explicandae

164 1687 311 1750 sequentis
321 1687 489 1738 narrationis
498 1692 526 1737 et
535 1688 607 1751 legis
617 1689 722 1752 gratia3
736 1689 831 1738 retulit
841 1687 1006 1752 compendio
1021 1689 1049 1738 et
1058 1700 1108 1751 per
1118 1685 1316 1736 anacoluthon.
1331 1683 1484 1746 Perperam

167 1777 252 1838 igitur
266 1775 373 1836 Dilim,
390 1777 521 1839 neglecta
534 1777 619 1827 etlam
637 1777 831 1840 mactatione,
848 1777 944 1828 censet
956 1789 983 1827 v.
1004 1776 1051 1827 2=5
1070 1774 1166 1826 haberi
1181 1773 1366 1837 antiquiorem
1385 1783 1484 1821 narra·

162 1865 267 1916 tionem
291 1877 308 1914 a
329 1864 473 1915 redactore
496 1865 592 1928 aliquo
612 1878 748 1916 recusam.
772 1891 808 1904 -
829 1865 923 1917 Habes
946 1867 992 1915 bic
1008 1878 1095 1915 riuum
1116 1876 1132 1914 e
1153 1863 1280 1928 pluribus
1301 1859 1481 1923 exemplum,
1575 1913 1577 1926 ‚

162 1951 302 2014 quomodo
326 1953 402 2004 Deus
419 1954 511 2017 legem
529 1956 681 2006 mosaicam
702 1967 759 2005 non
778 1959 865 2006 totam
886 1955 969 2005 simul
989 1953 1094 2017 populo
1114 1951 1306 2016 proposuerit,
1330 1948 1380 1999 sed
1402 1949 1482 2010 legas

167 2043 289 2104 primum
303 2041 392 2092 editas
409 2042 586 2106 postmodum
600 2055 651 2107 pro
668 2046 824 2108 temporum
844 2041 1058 2094 necessitatibus
1076 2039 1271 2104 compleverit,
1292 2037 1484 2100 ampliaverit,

167 2128 377 2181 modificaverit.
395 2129 468 2190 Quid
484 2131 593 2182 facilius
607 2135 680 2192 erat,
701 2144 785 2196 quam
799 2132 849 2182 Ex.
874 2131 905 2182 li
927 2131 1020 2196 legem
1037 2129 1110 2181 ierre
1128 2128 1163 2180 de
1182 2127 1307 2192 legitime
1326 2125 1484 2190 impeditis,

170 2219 320 2282 quominus
336 2219 428 2270 Pbase
442 2221 546 2272 statuto
565 2220 610 2270 die
626 2219 815 2272 celebrarent?
831 2221 895 2271 Nou
913 2220 975 2270 tulit
993 2223 1053 2270 tum
1072 2220 1157 2270 Deus.
1179 2217 1276 2266 Voluit
1293 2215 1387 2277 legem
1406 2226 1487 2262 suam

170 2319 310 2369 crescere,
329 2309 370 2358 uti
390 2309 469 2372 leges
490 2309 630 2360 humanae
650 2321 775 2360 creseere
795 2313 1014 2370 consueverunt,
1031 2319 1103 2372 quac
1125 2319 1196 2366 non,
1217 2313 1403 2368 quaecunque
1424 2299 1488 2351 fieri

168 2400 301 2460 possunt,
318 2410 336 2446 a
349 2398 408 2448 suis
427 2399 513 2448 initiis
527 2395 745 2462 praemuniunt,
761 2397 811 2448 sed
826 2400 982 2462 temporum
1001 2397 1120 2447 decursu
1134 2393 1311 2457 complentur
1327 2394 1356 2440 et
1375 2387 1486 2440 modili-

167 2491 277 2536 cantur.
290 2485 387 2537 Voluit
402 2486 476 2536 Deus
490 2486 562 2536 hanc
576 2486 668 2550 legem
682 2499 733 2550 pro
747 2486 907 2536 hominibus
921 2486 1008 2536 latam
1022 2485 1130 2548 origiue
1146 2481 1258 2548 quidem
1272 2492 1335 2532 esse
1350 2479 1484 2538 divinam,

171 2573 261 2624 lorma
281 2577 312 2624 ut
329 2575 369 2624 lta
387 2574 478 2626 dicam
497 2575 658 2628 humanam.
684 2574 777 2635 Quare
799 2575 868 2626 illud
891 2574 977 2626 etlam
1001 2573 1121 2624 Hebraei
1145 2572 1313 2636 posteriores
1334 2580 1385 2631 pro
1409 2571 1487 2618 certo

167 2661 304 2724 habuere,
322 2675 403 2727 posse
417 2664 509 2727 legem
524 2665 552 2714 in
567 2663 732 2728 quibusdam
744 2677 794 2728 pro
810 2669 965 2728 temporum
980 2645 1089 2713 ratione
1103 2659 1271 2720 modificari,
1286 2657 1424 2721 imprimis
1435 2668 1486 2720 per

168 2752 320 2815 propbetas
335 2749 359 2820 (l
377 2751 467 2802 Maeli.
487 2751 564 2814 t,lss;
584 2751 685 2816 lili).
703 2751 845 2804 Suadente
858 2753 996 2817 propheta
1010 2753 1038 2801 in
1055 2751 1146 2801 locum
1162 2746 1334 2800 tabernaculi
1353 2745 1488 2796 successit

166 2839 310 2905 templum.

225 3027 309 3114 Cap.
327 3027 377 3092 IX
395 3047 427 3091 v.
452 3031 468 3092 1
502 3053 517 3086 u
540 3027 686 3092 Locutus
705 3037 754 3092 est
772 3025 937 3092 Dominus
950 3024 998 3091 ud
1013 3027 1154 3112 Moysen
1169 3023 1206 3087 in
1219 3021 1350 3087 deserto
1366 3018 1483 3102 Sinai,

172 3153 265 3197 anno
280 3131 424 3198 secundo
433 3143 619 3221 postquam
638 3133 764 3222 eqressi
779 3144 860 3199 suni
878 3131 920 3198 do
936 3143 1026 3199 terra
1041 3129 1205 3220 Aepypii,
1223 3149 1337 3193 mense
1349 3125 1483 3214 primo,

172 3235 289 3304 dicaris
312 3265 328 3300 s
358 3259 417 3304 εν.
444 3244 465 3303 2
488 3265 504 3300 u
531 3237 680 3305 Faciant
695 3238 766 3328 filii
780 3239 888 3305 [aori
905 3237 1013 3305 Pliasc
1039 3237 1074 3302 in
1096 3248 1245 3324 tempore
1270 3254 1330 3298 suo
1352 3258 1387 3313 a,
1411 3251 1444 3298 v.
1467 3237 1486 3296 3

168 3371 185 3406 «
203 3343 466 3434 quartadecima
477 3343 533 3412 die
548 3343 672 3411 matesis
683 3343 784 3412 titius
798 3345 846 3412 ad
856 3366 1029 3434 vesperam
1046 3371 1060 3403 a
1081 3341 1138 3431 (ci.
1155 3347 1212 3408 Ex.
1232 3339 1333 3426 126),
1353 3365 1369 3400 u
1390 3337 1487 3403 itania

171 3472 287 3518 omnes
307 3451 516 3518 ceremonias
533 3463 566 3517 ei
587 3451 846 3538 iustificationes
864 3451 937 3518 cius
953 3477 984 3516 a.
1004 3473 1038 3516 v.
1057 3455 1075 3514 i
1097 3473 1114 3509 «
1134 3445 1378 3536 Praecepiique
1391 3445 1487 3531 Moy-

167 3579 221 3624 ses
240 3557 325 3646 Jtiie's
347 3557 470 3644 Israel,
497 3569 534 3623 rii
557 3559 712 3646 facerent
736 3559 844 3626 Ptase
872 3585 903 3626 u.
925 3581 957 3624 v.
979 3563 999 3623 5
1031 3586 1045 3616 «
1073 3553 1139 3636 Qui
1159 3555 1315 3643 secarunt
1340 3565 1488 3640 tempore

167 3686 228 3732 suo
243 3691 273 3744 ›,
283 3701 329 3716 -
343 3665 431 3731 haec
446 3685 510 3730 vox
520 3687 541 3731 a
552 3664 651 3752 Vulg.
667 3663 837 3754 descripta
850 3663 984 3731 videtur
994 3662 1035 3730 ad
1047 3661 1273 3728 imitationem
1285 3683 1316 3725 v.
1329 3664 1349 3724 2
1361 3680 1368 3727 :
1382 3659 1484 3724 chr.

167 3793 239 3838 non
258 3771 364 3837 habet
383 3785 485 3839 trin:
500 3771 559 3838 sed
577 3785 713 3860 ituram,
725 3771 761 3837 in
775 3773 886 3861 primo
906 3769 1044 3858 (mense)
1059 3807 1105 3819 -
1121 3797 1137 3830 o
1154 3764 1413 3857 quartadecima
1432 3761 1488 3829 die

170 3877 296 3944 mensis
310 3875 358 3943 od
375 3899 548 3968 vesparum
564 3877 600 3944 in
615 3890 728 3945 monte
744 3877 858 3945 Sinai.
882 3879 985 3944 iunia
1001 3875 1133 3960 omniu,
1156 3897 1245 3964 quoe
1264 3867 1488 3939 mandaverat

172 3983 339 4051 Dominus
362 3985 492 4074 Moysi,
508 3985 668 4073 fecerunt
686 3983 757 4074 filii
772 3983 880 4051 Israel
899 4012 930 4051 a.
954 3987 998 4048 Ex
1019 3983 1102 4064 hoc,
1122 3980 1216 4070 quod
1229 3978 1331 4044 huius
1346 3971 1487 4042 secundi

171 4090 276 4160 Phase
305 4090 414 4160 solum
440 4113 504 4181 per
529 4097 750 4159 transennam
776 4092 947 4159 habeatur
971 4089 1114 4172 mentio,
1144 4087 1268 4171 collige
1299 4084 1484 4160 rationem,

172 4217 236 4264 cur
255 4197 420 4278 aliorum,
441 4220 529 4287 quae
543 4199 630 4264 forte
648 4197 685 4264 in
706 4198 839 4265 deserto
856 4197 1029 4266 celebrata
1039 4197 1108 4262 sini
1125 4195 1231 4260 Phase
1247 4188 1345 4254 nulia
1360 4186 1488 4254 habea·

172 4312 231 4371 tur
250 4303 379 4371 mentio
401 4305 539 4372 :nuilus
559 4304 728 4392 insignior
747 4309 903 4388 eventus,
921 4303 1017 4370 nulla
1036 4323 1127 4368 nova
1145 4299 1199 4365 lex
1219 4317 1297 4363 cum
1318 4293 1387 4360 illis
1409 4315 1488 4361 con-

167 4409 382 4479 nectebatur.

217 4539 250 4584 v.
268 4523 287 4584 6
308 4547 323 4578 c
345 4519 433 4584 Ecce
447 4529 563 4584 utitem
580 4517 725 4607 quidam
747 4516 920 4584 immundi
936 4538 1038 4606 super
1052 4512 1172 4581 anima
1186 4509 1333 4576 hominis
1358 4536 1391 4588 »,
1409 4528 1488 4574 con-

173 4629 265 4690 tactu
290 4623 466 4690 cadaveris
487 4624 631 4691 humani
653 4625 796 4692 fortasse
817 4622 918 4715 plane
942 4618 1190 4700 involuntario,
1216 4645 1231 4680 a
1254 4615 1316 4707 qui
1337 4635 1408 4680 non
1423 4634 1487 4702 po-

176 4741 289 4798 terant
307 4730 423 4818 fucere
445 4729 554 4798 Phose
575 4729 611 4796 in
629 4729 685 4797 dio
704 4731 782 4815 ilio,
802 4728 1001 4798 *accedentes
1015 4725 1063 4794 nd
1080 4729 1222 4816 Moysen
1236 4735 1269 4790 et
1282 4723 1399 4789 Aaron
1415 4745 1431 4782 >r
1453 4717 1489 4784 in

179 4835 236 4904 die
258 4835 336 4924 iiio,
358 4875 402 4888 -
423 4837 467 4908 cf.
492 4851 594 4924 litim
613 4860 645 4904 v.
666 4843 697 4906 2.
726 4844 757 4904 3.
784 4843 804 4902 i
832 4855 839 4903 :
863 4835 1029 4902 insistitur
1043 4833 1206 4923 tempori,
1228 4850 1309 4897 nam
1324 4849 1364 4894 eo
1382 4846 1488 4914 usque
