<?xml version="1.0" encoding="UTF-8"?>
<!DOCTYPE html PUBLIC "-//W3C//DTD XHTML 1.0 Transitional//EN"
    "http://www.w3.org/TR/xhtml1/DTD/xhtml1-transitional.dtd">
<html xmlns="http://www.w3.org/1999/xhtml" xml:lang="en" lang="en">
 <head>
  <title>
</title>
<meta http-equiv="Content-Type" content="text/html;charset=utf-8" />
  <meta name='ocr-system' content='tesseract 3.04.00' />
  <meta name='ocr-capabilities' content='ocr_page ocr_carea ocr_par ocr_line ocrx_word'/>
</head>
<body>
  <div class='ocr_page' id='page_1' title='image "./commentariusinn00hummgoog_0388.png"; bbox 0 0 3522 5396; ppageno 0'>
   <div class='ocr_carea' id='block_1_1' title="bbox 731 379 1519 452">
    <p class='ocr_par' dir='ltr' id='par_1_1' title="bbox 731 379 1519 452">
     <span class='ocr_line' id='line_1_1' title="bbox 731 379 1519 452; baseline -0.003 -13"><span class='ocrx_word' id='word_1_1' title='bbox 731 395 805 440; x_wconf 83' lang='lat' dir='ltr'><strong>auu.</strong></span> <span class='ocrx_word' id='word_1_2' title='bbox 830 379 901 452; x_wconf 75' lang='lat' dir='ltr'><strong>see</strong></span> <span class='ocrx_word' id='word_1_3' title='bbox 921 394 986 446; x_wconf 82' lang='lat' dir='ltr'><strong>soe.</strong></span> <span class='ocrx_word' id='word_1_4' title='bbox 1462 381 1519 438; x_wconf 83' lang='grc'><strong>375</strong></span> 
     </span>
    </p>
   </div>
   <div class='ocr_carea' id='block_1_2' title="bbox 198 525 1520 1150">
    <p class='ocr_par' dir='ltr' id='par_1_2' title="bbox 198 525 1520 1150">
     <span class='ocr_line' id='line_1_2' title="bbox 198 525 1520 618; baseline 0.001 -23"><span class='ocrx_word' id='word_1_5' title='bbox 198 527 388 596; x_wconf 88' lang='lat' dir='ltr'><strong>Levitarum</strong></span> <span class='ocrx_word' id='word_1_6' title='bbox 404 527 670 616; x_wconf 80' lang='lat' dir='ltr'>designarentur</span> <span class='ocrx_word' id='word_1_7' title='bbox 688 528 771 596; x_wconf 92' lang='lat' dir='ltr'><strong>item</strong></span> <span class='ocrx_word' id='word_1_8' title='bbox 783 527 938 595; x_wconf 86' lang='lat' dir='ltr'><strong>civitates</strong></span> <span class='ocrx_word' id='word_1_9' title='bbox 954 525 1100 614; x_wconf 80' lang='lat' dir='ltr'><strong>refugii,</strong></span> <span class='ocrx_word' id='word_1_10' title='bbox 1116 527 1176 594; x_wconf 89' lang='lat' dir='ltr'><strong>sed</strong></span> <span class='ocrx_word' id='word_1_11' title='bbox 1192 527 1292 613; x_wconf 89' lang='lat' dir='ltr'><strong>iliud,</strong></span> <span class='ocrx_word' id='word_1_12' title='bbox 1309 528 1403 618; x_wconf 87' lang='lat' dir='ltr'><strong>quod</strong></span> <span class='ocrx_word' id='word_1_13' title='bbox 1417 525 1520 616; x_wconf 83' lang='lat' dir='ltr'><strong>legis·</strong></span> 
     </span>
     <span class='ocr_line' id='line_1_3' title="bbox 198 631 1518 724; baseline 0.002 -24"><span class='ocrx_word' id='word_1_14' title='bbox 198 633 299 701; x_wconf 87' lang='lat' dir='ltr'><strong>latori</strong></span> <span class='ocrx_word' id='word_1_15' title='bbox 313 635 379 703; x_wconf 88' lang='lat' dir='ltr'><strong>hac</strong></span> <span class='ocrx_word' id='word_1_16' title='bbox 396 634 432 701; x_wconf 92' lang='lat' dir='ltr'><strong>in</strong></span> <span class='ocrx_word' id='word_1_17' title='bbox 448 633 593 702; x_wconf 87' lang='lat' dir='ltr'><strong>materia</strong></span> <span class='ocrx_word' id='word_1_18' title='bbox 608 637 755 703; x_wconf 83' lang='lat' dir='ltr'><strong>maxime</strong></span> <span class='ocrx_word' id='word_1_19' title='bbox 770 634 865 702; x_wconf 88' lang='lat' dir='ltr'><strong>cordi</strong></span> <span class='ocrx_word' id='word_1_20' title='bbox 881 639 971 718; x_wconf 86' lang='lat' dir='ltr'><strong>erat,</strong></span> <span class='ocrx_word' id='word_1_21' title='bbox 994 638 1032 701; x_wconf 93' lang='lat' dir='ltr'><strong>ut</strong></span> <span class='ocrx_word' id='word_1_22' title='bbox 1049 631 1275 703; x_wconf 78' lang='lat' dir='ltr'><strong>homicidium</strong></span> <span class='ocrx_word' id='word_1_23' title='bbox 1292 656 1408 702; x_wconf 92' lang='lat' dir='ltr'><strong>severe</strong></span> <span class='ocrx_word' id='word_1_24' title='bbox 1428 635 1518 724; x_wconf 88' lang='lat' dir='ltr'><strong>plec-</strong></span> 
     </span>
     <span class='ocr_line' id='line_1_4' title="bbox 198 739 1516 830; baseline 0 -24"><span class='ocrx_word' id='word_1_25' title='bbox 198 745 337 808; x_wconf 90' lang='lat' dir='ltr'><strong>teretur.</strong></span> <span class='ocrx_word' id='word_1_26' title='bbox 364 739 528 830; x_wconf 81' lang='lat' dir='ltr'><strong>Epilogus</strong></span> <span class='ocrx_word' id='word_1_27' title='bbox 550 740 766 810; x_wconf 77' lang='lat' dir='ltr'><strong>concluditur</strong></span> <span class='ocrx_word' id='word_1_28' title='bbox 786 741 936 808; x_wconf 84' lang='lat' dir='ltr'><strong>formula</strong></span> <span class='ocrx_word' id='word_1_29' title='bbox 960 743 1036 830; x_wconf 71' lang='lat' dir='ltr'><strong>Epo</strong></span> <span class='ocrx_word' id='word_1_30' title='bbox 1060 739 1162 807; x_wconf 76' lang='lat' dir='ltr'><strong>Indue</strong></span> <span class='ocrx_word' id='word_1_31' title='bbox 1186 753 1250 808; x_wconf 87' lang='lat' dir='ltr'><strong>etc.</strong></span> <span class='ocrx_word' id='word_1_32' title='bbox 1273 779 1317 791; x_wconf 87' lang='lat'><em>-</em></span> <span class='ocrx_word' id='word_1_33' title='bbox 1338 764 1370 808; x_wconf 82' lang='lat' dir='ltr'><strong>v.</strong></span> <span class='ocrx_word' id='word_1_34' title='bbox 1402 747 1516 808; x_wconf 81' lang='lat' dir='ltr'><strong>itt-19.</strong></span> 
     </span>
     <span class='ocr_line' id='line_1_5' title="bbox 200 845 1517 937; baseline 0.002 -23"><span class='ocrx_word' id='word_1_35' title='bbox 200 853 311 915; x_wconf 73' lang='lat' dir='ltr'><strong>att-21.</strong></span> <span class='ocrx_word' id='word_1_36' title='bbox 334 853 447 916; x_wconf 57' lang='lat'><strong>2225.</strong></span> <span class='ocrx_word' id='word_1_37' title='bbox 469 853 572 917; x_wconf 79' lang='lat' dir='ltr'><strong>att-28</strong></span> <span class='ocrx_word' id='word_1_38' title='bbox 591 847 763 916; x_wconf 84' lang='lat' dir='ltr'><strong>habentur</strong></span> <span class='ocrx_word' id='word_1_39' title='bbox 783 847 870 914; x_wconf 87' lang='lat' dir='ltr'><strong>varii</strong></span> <span class='ocrx_word' id='word_1_40' title='bbox 882 869 992 928; x_wconf 80' lang='lat' dir='ltr'><strong>casm,</strong></span> <span class='ocrx_word' id='word_1_41' title='bbox 1007 847 1068 937; x_wconf 79' lang='lat' dir='ltr'><strong>qui</strong></span> <span class='ocrx_word' id='word_1_42' title='bbox 1082 845 1196 934; x_wconf 83' lang='lat' dir='ltr'><strong>legem</strong></span> <span class='ocrx_word' id='word_1_43' title='bbox 1211 847 1301 915; x_wconf 90' lang='lat' dir='ltr'><strong>hanc</strong></span> <span class='ocrx_word' id='word_1_44' title='bbox 1318 847 1517 934; x_wconf 79' lang='lat' dir='ltr'><strong>attingunt:</strong></span> 
     </span>
     <span class='ocr_line' id='line_1_6' title="bbox 199 953 1518 1045; baseline 0.002 -26"><span class='ocrx_word' id='word_1_45' title='bbox 199 958 362 1044; x_wconf 87' lang='lat' dir='ltr'><strong>cuiusque</strong></span> <span class='ocrx_word' id='word_1_46' title='bbox 382 953 519 1022; x_wconf 79' lang='lat' dir='ltr'><strong>articuli</strong></span> <span class='ocrx_word' id='word_1_47' title='bbox 541 977 639 1022; x_wconf 87' lang='lat' dir='ltr'><strong>casus</strong></span> <span class='ocrx_word' id='word_1_48' title='bbox 659 955 794 1045; x_wconf 79' lang='lat' dir='ltr'><strong>priores</strong></span> <span class='ocrx_word' id='word_1_49' title='bbox 814 955 861 1044; x_wconf 92' lang='lat' dir='ltr'><strong>(v.</strong></span> <span class='ocrx_word' id='word_1_50' title='bbox 886 960 927 1021; x_wconf 84' lang='lat' dir='ltr'><strong>te</strong></span> <span class='ocrx_word' id='word_1_51' title='bbox 942 975 993 1044; x_wconf 90' lang='lat' dir='ltr'><strong>sq.</strong></span> <span class='ocrx_word' id='word_1_52' title='bbox 1016 958 1070 1022; x_wconf 73' lang='lat'><strong>20.</strong></span> <span class='ocrx_word' id='word_1_53' title='bbox 1093 959 1147 1021; x_wconf 69' lang='lat'><strong>22.</strong></span> <span class='ocrx_word' id='word_1_54' title='bbox 1166 953 1220 1041; x_wconf 73' lang='lat'><strong>26)</strong></span> <span class='ocrx_word' id='word_1_55' title='bbox 1237 953 1422 1022; x_wconf 85' lang='lat' dir='ltr'><strong>ordiuntur</strong></span> <span class='ocrx_word' id='word_1_56' title='bbox 1437 976 1518 1021; x_wconf 91' lang='lat' dir='ltr'><strong>voce</strong></span> 
     </span>
     <span class='ocr_line' id='line_1_7' title="bbox 200 1057 1289 1150; baseline 0.003 -26"><span class='ocrx_word' id='word_1_57' title='bbox 200 1073 271 1132; x_wconf 77' lang='lat' dir='ltr'><strong>nrt,</strong></span> <span class='ocrx_word' id='word_1_58' title='bbox 286 1059 428 1128; x_wconf 79' lang='lat' dir='ltr'><strong>extremi</strong></span> <span class='ocrx_word' id='word_1_59' title='bbox 444 1061 490 1147; x_wconf 89' lang='lat' dir='ltr'><strong>(v.</strong></span> <span class='ocrx_word' id='word_1_60' title='bbox 511 1065 562 1128; x_wconf 89' lang='lat'><strong>18.</strong></span> <span class='ocrx_word' id='word_1_61' title='bbox 583 1067 637 1126; x_wconf 76' lang='lat' dir='ltr'><strong>nt.</strong></span> <span class='ocrx_word' id='word_1_62' title='bbox 656 1064 708 1150; x_wconf 77' lang='lat'><strong>23)</strong></span> <span class='ocrx_word' id='word_1_63' title='bbox 732 1073 880 1128; x_wconf 77' lang='lat' dir='ltr'><strong>vocent.</strong></span> <span class='ocrx_word' id='word_1_64' title='bbox 897 1057 947 1128; x_wconf 85' lang='lat' dir='ltr'><strong>ci.</strong></span> <span class='ocrx_word' id='word_1_65' title='bbox 963 1063 1094 1149; x_wconf 77' lang='lat' dir='ltr'><strong>erip.</strong></span> <span class='ocrx_word' id='word_1_66' title='bbox 1115 1066 1191 1127; x_wconf 75' lang='lat' dir='ltr'><strong>nte.</strong></span> <span class='ocrx_word' id='word_1_67' title='bbox 1213 1064 1289 1127; x_wconf 88' lang='lat' dir='ltr'><strong>t16.</strong></span> 
     </span>
    </p>
   </div>
   <div class='ocr_carea' id='block_1_3' title="bbox 197 1273 1567 2316">
    <p class='ocr_par' dir='ltr' id='par_1_3' title="bbox 197 1273 1567 2316">
     <span class='ocr_line' id='line_1_8' title="bbox 233 1273 1567 1344; baseline -0.001 -16"><span class='ocrx_word' id='word_1_68' title='bbox 233 1278 293 1328; x_wconf 82' lang='lat' dir='ltr'><strong>Lex</strong></span> <span class='ocrx_word' id='word_1_69' title='bbox 307 1277 378 1328; x_wconf 85' lang='lat' dir='ltr'><strong>baec</strong></span> <span class='ocrx_word' id='word_1_70' title='bbox 391 1275 522 1327; x_wconf 86' lang='lat' dir='ltr'><strong>tundatur</strong></span> <span class='ocrx_word' id='word_1_71' title='bbox 536 1275 591 1342; x_wconf 67' lang='lat' dir='ltr'><strong>tene</strong></span> <span class='ocrx_word' id='word_1_72' title='bbox 610 1276 721 1327; x_wconf 74' lang='lat' dir='ltr'><strong>tutionis</strong></span> <span class='ocrx_word' id='word_1_73' title='bbox 735 1277 816 1342; x_wconf 70' lang='lat' dir='ltr'><strong>(Gen.</strong></span> <span class='ocrx_word' id='word_1_74' title='bbox 834 1277 878 1337; x_wconf 87' lang='grc'><strong>9,5</strong></span> <span class='ocrx_word' id='word_1_75' title='bbox 892 1288 953 1341; x_wconf 87' lang='lat' dir='ltr'><strong>sq.;</strong></span> <span class='ocrx_word' id='word_1_76' title='bbox 969 1277 1020 1327; x_wconf 88' lang='lat' dir='ltr'><strong>Ex.</strong></span> <span class='ocrx_word' id='word_1_77' title='bbox 1042 1276 1123 1338; x_wconf 60' lang='lat' dir='ltr'><strong>atne</strong></span> <span class='ocrx_word' id='word_1_78' title='bbox 1139 1275 1213 1344; x_wconf 81' lang='lat' dir='ltr'><strong>sqq.)</strong></span> <span class='ocrx_word' id='word_1_79' title='bbox 1228 1277 1373 1340; x_wconf 80' lang='lat' dir='ltr'><strong>exigente,</strong></span> <span class='ocrx_word' id='word_1_80' title='bbox 1390 1279 1422 1328; x_wconf 90' lang='lat' dir='ltr'><strong>ut</strong></span> <span class='ocrx_word' id='word_1_81' title='bbox 1433 1279 1521 1328; x_wconf 89' lang='lat' dir='ltr'><strong>homi·</strong></span> <span class='ocrx_word' id='word_1_82' title='bbox 1564 1273 1567 1280; x_wconf 81' lang='grc'>’</span> 
     </span>
     <span class='ocr_line' id='line_1_9' title="bbox 198 1362 1520 1432; baseline 0.002 -16"><span class='ocrx_word' id='word_1_83' title='bbox 198 1365 300 1416; x_wconf 89' lang='lat' dir='ltr'><strong>cidium</strong></span> <span class='ocrx_word' id='word_1_84' title='bbox 315 1367 447 1429; x_wconf 87' lang='lat' dir='ltr'><strong>puniatur</strong></span> <span class='ocrx_word' id='word_1_85' title='bbox 459 1367 548 1418; x_wconf 88' lang='lat' dir='ltr'><strong>morte</strong></span> <span class='ocrx_word' id='word_1_86' title='bbox 561 1365 731 1427; x_wconf 65' lang='lat' dir='ltr'><strong>homicidam</strong></span> <span class='ocrx_word' id='word_1_87' title='bbox 747 1363 879 1417; x_wconf 84' lang='lat' dir='ltr'><strong>tundatur</strong></span> <span class='ocrx_word' id='word_1_88' title='bbox 893 1365 948 1429; x_wconf 68' lang='lat' dir='ltr'><strong>leue</strong></span> <span class='ocrx_word' id='word_1_89' title='bbox 963 1365 1078 1416; x_wconf 81' lang='lat' dir='ltr'><strong>ultionis</strong></span> <span class='ocrx_word' id='word_1_90' title='bbox 1093 1363 1175 1431; x_wconf 84' lang='lat' dir='ltr'><strong>(Gen.</strong></span> <span class='ocrx_word' id='word_1_91' title='bbox 1194 1362 1282 1432; x_wconf 65' lang='lat' dir='ltr'><strong>idi),</strong></span> <span class='ocrx_word' id='word_1_92' title='bbox 1299 1377 1372 1430; x_wconf 83' lang='lat' dir='ltr'><strong>quae</strong></span> <span class='ocrx_word' id='word_1_93' title='bbox 1391 1366 1520 1430; x_wconf 83' lang='lat' dir='ltr'><strong>cognatis</strong></span> 
     </span>
     <span class='ocr_line' id='line_1_10' title="bbox 198 1447 1517 1520; baseline 0 -16"><span class='ocrx_word' id='word_1_94' title='bbox 198 1457 242 1505; x_wconf 88' lang='lat' dir='ltr'><strong>ius</strong></span> <span class='ocrx_word' id='word_1_95' title='bbox 257 1447 396 1505; x_wconf 84' lang='lat' dir='ltr'><strong>tribuebat</strong></span> <span class='ocrx_word' id='word_1_96' title='bbox 409 1453 478 1506; x_wconf 90' lang='lat' dir='ltr'><strong>iuris</strong></span> <span class='ocrx_word' id='word_1_97' title='bbox 492 1456 605 1518; x_wconf 77' lang='lat' dir='ltr'><strong>cognati</strong></span> <span class='ocrx_word' id='word_1_98' title='bbox 623 1454 783 1506; x_wconf 87' lang='lat' dir='ltr'><strong>vindicandi</strong></span> <span class='ocrx_word' id='word_1_99' title='bbox 802 1459 831 1505; x_wconf 89' lang='lat' dir='ltr'><strong>et</strong></span> <span class='ocrx_word' id='word_1_100' title='bbox 849 1453 1010 1506; x_wconf 88' lang='lat' dir='ltr'><strong>ulciscendi.</strong></span> <span class='ocrx_word' id='word_1_101' title='bbox 1028 1453 1140 1506; x_wconf 85' lang='lat' dir='ltr'><strong>Evolvit</strong></span> <span class='ocrx_word' id='word_1_102' title='bbox 1161 1455 1253 1518; x_wconf 78' lang='lat' dir='ltr'><strong>legem</strong></span> <span class='ocrx_word' id='word_1_103' title='bbox 1272 1453 1324 1504; x_wconf 78' lang='lat' dir='ltr'><strong>Ex.</strong></span> <span class='ocrx_word' id='word_1_104' title='bbox 1342 1453 1429 1517; x_wconf 64' lang='lat' dir='ltr'><strong>tint,</strong></span> <span class='ocrx_word' id='word_1_105' title='bbox 1442 1468 1517 1520; x_wconf 85' lang='lat' dir='ltr'><strong>sqq.,</strong></span> 
     </span>
     <span class='ocr_line' id='line_1_11' title="bbox 198 1539 1519 1608; baseline 0 -15"><span class='ocrx_word' id='word_1_106' title='bbox 198 1556 253 1608; x_wconf 86' lang='lat' dir='ltr'><strong>qua</strong></span> <span class='ocrx_word' id='word_1_107' title='bbox 274 1543 448 1594; x_wconf 79' lang='lat' dir='ltr'><strong>statuebatur</strong></span> <span class='ocrx_word' id='word_1_108' title='bbox 466 1541 605 1594; x_wconf 78' lang='lat' dir='ltr'><strong>homicida</strong></span> <span class='ocrx_word' id='word_1_109' title='bbox 624 1555 686 1595; x_wconf 90' lang='lat' dir='ltr'><strong>esse</strong></span> <span class='ocrx_word' id='word_1_110' title='bbox 705 1543 921 1604; x_wconf 88' lang='lat' dir='ltr'><strong>interimendus,</strong></span> <span class='ocrx_word' id='word_1_111' title='bbox 939 1545 1018 1594; x_wconf 88' lang='lat' dir='ltr'><strong>nulio</strong></span> <span class='ocrx_word' id='word_1_112' title='bbox 1035 1555 1171 1594; x_wconf 89' lang='lat' dir='ltr'><strong>concesso</strong></span> <span class='ocrx_word' id='word_1_113' title='bbox 1190 1543 1314 1607; x_wconf 83' lang='lat' dir='ltr'><strong>relegio,</strong></span> <span class='ocrx_word' id='word_1_114' title='bbox 1333 1539 1452 1594; x_wconf 79' lang='lat' dir='ltr'><strong>occisori</strong></span> <span class='ocrx_word' id='word_1_115' title='bbox 1474 1546 1519 1594; x_wconf 87' lang='lat' dir='ltr'><strong>in-</strong></span> 
     </span>
     <span class='ocr_line' id='line_1_12' title="bbox 198 1617 1520 1696; baseline 0.001 -15"><span class='ocrx_word' id='word_1_116' title='bbox 198 1633 272 1683; x_wconf 85' lang='lat' dir='ltr'><strong>sonti</strong></span> <span class='ocrx_word' id='word_1_117' title='bbox 286 1617 500 1695; x_wconf 80' lang='lat' dir='ltr'><strong>promittebatur</strong></span> <span class='ocrx_word' id='word_1_118' title='bbox 520 1631 681 1696; x_wconf 83' lang='lat' dir='ltr'><strong>retugium:</strong></span> <span class='ocrx_word' id='word_1_119' title='bbox 698 1645 771 1696; x_wconf 89' lang='lat' dir='ltr'><strong>qnae</strong></span> <span class='ocrx_word' id='word_1_120' title='bbox 794 1633 945 1696; x_wconf 85' lang='lat' dir='ltr'><strong>promissio</strong></span> <span class='ocrx_word' id='word_1_121' title='bbox 958 1632 985 1682; x_wconf 92' lang='lat' dir='ltr'><strong>h.</strong></span> <span class='ocrx_word' id='word_1_122' title='bbox 998 1633 1017 1682; x_wconf 91' lang='lat'><strong>1.</strong></span> <span class='ocrx_word' id='word_1_123' title='bbox 1032 1627 1145 1683; x_wconf 83' lang='lat' dir='ltr'><strong>effectui</strong></span> <span class='ocrx_word' id='word_1_124' title='bbox 1171 1631 1330 1682; x_wconf 85' lang='lat' dir='ltr'><strong>mandatur.</strong></span> <span class='ocrx_word' id='word_1_125' title='bbox 1347 1632 1451 1682; x_wconf 85' lang='lat' dir='ltr'><strong>Nostra</strong></span> <span class='ocrx_word' id='word_1_126' title='bbox 1473 1631 1520 1682; x_wconf 84' lang='lat' dir='ltr'><strong>lex</strong></span> 
     </span>
     <span class='ocr_line' id='line_1_13' title="bbox 197 1719 1519 1785; baseline 0 -15"><span class='ocrx_word' id='word_1_127' title='bbox 197 1731 333 1784; x_wconf 84' lang='lat' dir='ltr'><strong>perquam</strong></span> <span class='ocrx_word' id='word_1_128' title='bbox 353 1719 445 1771; x_wconf 83' lang='lat' dir='ltr'><strong>affinis</strong></span> <span class='ocrx_word' id='word_1_129' title='bbox 463 1724 505 1771; x_wconf 87' lang='lat' dir='ltr'><strong>eet</strong></span> <span class='ocrx_word' id='word_1_130' title='bbox 526 1719 597 1784; x_wconf 80' lang='lat' dir='ltr'><strong>legis</strong></span> <span class='ocrx_word' id='word_1_131' title='bbox 616 1720 699 1772; x_wconf 85' lang='lat' dir='ltr'><strong>Dent.</strong></span> <span class='ocrx_word' id='word_1_132' title='bbox 722 1721 849 1781; x_wconf 75' lang='lat' dir='ltr'><strong>tat-ts,</strong></span> <span class='ocrx_word' id='word_1_133' title='bbox 871 1733 944 1785; x_wconf 87' lang='lat' dir='ltr'><strong>quae</strong></span> <span class='ocrx_word' id='word_1_134' title='bbox 963 1731 1020 1771; x_wconf 90' lang='lat' dir='ltr'><strong>non</strong></span> <span class='ocrx_word' id='word_1_135' title='bbox 1039 1722 1098 1785; x_wconf 84' lang='lat' dir='ltr'><strong>agit</strong></span> <span class='ocrx_word' id='word_1_136' title='bbox 1117 1722 1172 1771; x_wconf 90' lang='lat' dir='ltr'><strong>nisi</strong></span> <span class='ocrx_word' id='word_1_137' title='bbox 1191 1720 1227 1772; x_wconf 87' lang='lat' dir='ltr'><strong>de</strong></span> <span class='ocrx_word' id='word_1_138' title='bbox 1251 1720 1340 1771; x_wconf 86' lang='lat' dir='ltr'><strong>tribus</strong></span> <span class='ocrx_word' id='word_1_139' title='bbox 1359 1721 1519 1771; x_wconf 86' lang='lat' dir='ltr'><strong>civitatibus</strong></span> 
     </span>
     <span class='ocr_line' id='line_1_14' title="bbox 197 1807 1519 1874; baseline 0.002 -16"><span class='ocrx_word' id='word_1_140' title='bbox 197 1807 300 1872; x_wconf 75' lang='lat' dir='ltr'><strong>retegit</strong></span> <span class='ocrx_word' id='word_1_141' title='bbox 312 1808 518 1868; x_wconf 86' lang='lat' dir='ltr'><strong>cisiordauicis,</strong></span> <span class='ocrx_word' id='word_1_142' title='bbox 533 1809 635 1874; x_wconf 86' lang='lat' dir='ltr'><strong>quibus</strong></span> <span class='ocrx_word' id='word_1_143' title='bbox 649 1809 795 1859; x_wconf 87' lang='lat' dir='ltr'><strong>addendae</strong></span> <span class='ocrx_word' id='word_1_144' title='bbox 807 1808 959 1874; x_wconf 84' lang='lat' dir='ltr'><strong>aliquando</strong></span> <span class='ocrx_word' id='word_1_145' title='bbox 973 1810 1030 1860; x_wconf 89' lang='lat' dir='ltr'><strong>sint</strong></span> <span class='ocrx_word' id='word_1_146' title='bbox 1044 1810 1118 1861; x_wconf 88' lang='lat' dir='ltr'><strong>aliae</strong></span> <span class='ocrx_word' id='word_1_147' title='bbox 1129 1811 1170 1862; x_wconf 85' lang='lat' dir='ltr'><strong>eis</strong></span> <span class='ocrx_word' id='word_1_148' title='bbox 1185 1808 1337 1860; x_wconf 79' lang='lat' dir='ltr'><strong>Iordanem</strong></span> <span class='ocrx_word' id='word_1_149' title='bbox 1352 1812 1423 1870; x_wconf 87' lang='lat' dir='ltr'><strong>tres,</strong></span> <span class='ocrx_word' id='word_1_150' title='bbox 1439 1811 1519 1873; x_wconf 84' lang='lat' dir='ltr'><strong>pcat-</strong></span> 
     </span>
     <span class='ocr_line' id='line_1_15' title="bbox 198 1894 1518 1962; baseline 0 -14"><span class='ocrx_word' id='word_1_151' title='bbox 198 1907 282 1962; x_wconf 85' lang='lat' dir='ltr'><strong>quam</strong></span> <span class='ocrx_word' id='word_1_152' title='bbox 294 1895 401 1948; x_wconf 90' lang='lat' dir='ltr'><strong>dilatati</strong></span> <span class='ocrx_word' id='word_1_153' title='bbox 415 1897 519 1948; x_wconf 87' lang='lat' dir='ltr'><strong>tuerint</strong></span> <span class='ocrx_word' id='word_1_154' title='bbox 533 1894 604 1948; x_wconf 83' lang='lat' dir='ltr'><strong>fines</strong></span> <span class='ocrx_word' id='word_1_155' title='bbox 619 1898 821 1950; x_wconf 83' lang='lat' dir='ltr'><strong>Hebraeorum.</strong></span> <span class='ocrx_word' id='word_1_156' title='bbox 838 1897 991 1960; x_wconf 87' lang='lat' dir='ltr'><strong>Describit,</strong></span> <span class='ocrx_word' id='word_1_157' title='bbox 1007 1898 1056 1961; x_wconf 85' lang='lat' dir='ltr'><strong>qui</strong></span> <span class='ocrx_word' id='word_1_158' title='bbox 1072 1899 1181 1948; x_wconf 87' lang='lat' dir='ltr'><strong>occisor</strong></span> <span class='ocrx_word' id='word_1_159' title='bbox 1200 1898 1335 1948; x_wconf 87' lang='lat' dir='ltr'><strong>innocens</strong></span> <span class='ocrx_word' id='word_1_160' title='bbox 1353 1900 1392 1950; x_wconf 89' lang='lat' dir='ltr'><strong>sit</strong></span> <span class='ocrx_word' id='word_1_161' title='bbox 1411 1898 1518 1950; x_wconf 88' lang='lat' dir='ltr'><strong>baben·</strong></span> 
     </span>
     <span class='ocr_line' id='line_1_16' title="bbox 198 1973 1519 2053; baseline -0.002 -16"><span class='ocrx_word' id='word_1_162' title='bbox 198 1987 264 2050; x_wconf 90' lang='lat' dir='ltr'><strong>dus,</strong></span> <span class='ocrx_word' id='word_1_163' title='bbox 281 1997 421 2052; x_wconf 85' lang='lat' dir='ltr'><strong>quamque</strong></span> <span class='ocrx_word' id='word_1_164' title='bbox 435 1988 461 2036; x_wconf 90' lang='lat' dir='ltr'><strong>ei</strong></span> <span class='ocrx_word' id='word_1_165' title='bbox 476 1986 678 2050; x_wconf 87' lang='lat' dir='ltr'><strong>protectionem</strong></span> <span class='ocrx_word' id='word_1_166' title='bbox 697 1989 821 2052; x_wconf 85' lang='lat' dir='ltr'><strong>praestet</strong></span> <span class='ocrx_word' id='word_1_167' title='bbox 841 1973 940 2038; x_wconf 78' lang='lat' dir='ltr'><strong>civitas</strong></span> <span class='ocrx_word' id='word_1_168' title='bbox 957 1984 1073 2050; x_wconf 78' lang='lat' dir='ltr'><strong>refugii,</strong></span> <span class='ocrx_word' id='word_1_169' title='bbox 1088 1986 1122 2036; x_wconf 87' lang='lat' dir='ltr'><strong>ab</strong></span> <span class='ocrx_word' id='word_1_170' title='bbox 1144 1997 1234 2050; x_wconf 88' lang='lat' dir='ltr'><strong>eaque</strong></span> <span class='ocrx_word' id='word_1_171' title='bbox 1253 1988 1432 2053; x_wconf 33' lang='lat' dir='ltr'><strong>protectione,</strong></span> <span class='ocrx_word' id='word_1_172' title='bbox 1443 1988 1519 2036; x_wconf 87' lang='lat' dir='ltr'><strong>occi-</strong></span> 
     </span>
     <span class='ocr_line' id='line_1_17' title="bbox 198 2073 1519 2136; baseline -0.002 -10"><span class='ocrx_word' id='word_1_173' title='bbox 198 2087 289 2126; x_wconf 88' lang='lat' dir='ltr'><strong>sorem</strong></span> <span class='ocrx_word' id='word_1_174' title='bbox 303 2074 491 2127; x_wconf 82' lang='lat' dir='ltr'><strong>vclnntarium</strong></span> <span class='ocrx_word' id='word_1_175' title='bbox 507 2073 638 2126; x_wconf 87' lang='lat' dir='ltr'><strong>excludit.</strong></span> <span class='ocrx_word' id='word_1_176' title='bbox 655 2075 728 2126; x_wconf 90' lang='lat' dir='ltr'><strong>Dum</strong></span> <span class='ocrx_word' id='word_1_177' title='bbox 743 2079 840 2126; x_wconf 88' lang='lat' dir='ltr'><strong>nostra</strong></span> <span class='ocrx_word' id='word_1_178' title='bbox 858 2075 906 2125; x_wconf 85' lang='lat' dir='ltr'><strong>tex</strong></span> <span class='ocrx_word' id='word_1_179' title='bbox 921 2075 1045 2126; x_wconf 91' lang='lat' dir='ltr'><strong>indolem</strong></span> <span class='ocrx_word' id='word_1_180' title='bbox 1064 2074 1150 2125; x_wconf 88' lang='lat' dir='ltr'><strong>habet</strong></span> <span class='ocrx_word' id='word_1_181' title='bbox 1164 2075 1314 2125; x_wconf 78' lang='lat' dir='ltr'><strong>documenti</strong></span> <span class='ocrx_word' id='word_1_182' title='bbox 1329 2075 1456 2136; x_wconf 81' lang='lat' dir='ltr'><strong>iuridici,</strong></span> <span class='ocrx_word' id='word_1_183' title='bbox 1473 2076 1519 2125; x_wconf 82' lang='lat' dir='ltr'><strong>lex</strong></span> 
     </span>
     <span class='ocr_line' id='line_1_18' title="bbox 198 2163 1518 2228; baseline -0.002 -14"><span class='ocrx_word' id='word_1_184' title='bbox 198 2163 280 2215; x_wconf 89' lang='lat' dir='ltr'><strong>Deut.</strong></span> <span class='ocrx_word' id='word_1_185' title='bbox 300 2163 331 2214; x_wconf 82' lang='lat' dir='ltr'><strong>tu</strong></span> <span class='ocrx_word' id='word_1_186' title='bbox 345 2165 440 2227; x_wconf 86' lang='lat' dir='ltr'><strong>potius</strong></span> <span class='ocrx_word' id='word_1_187' title='bbox 455 2165 527 2228; x_wconf 86' lang='lat' dir='ltr'><strong>sapit</strong></span> <span class='ocrx_word' id='word_1_188' title='bbox 542 2165 724 2215; x_wconf 79' lang='lat' dir='ltr'><strong>documentum</strong></span> <span class='ocrx_word' id='word_1_189' title='bbox 743 2166 921 2224; x_wconf 64' lang='lat' dir='ltr'><strong>rhetoricum·</strong></span> <span class='ocrx_word' id='word_1_190' title='bbox 935 2163 1016 2215; x_wconf 87' lang='lat' dir='ltr'><strong>stilus</strong></span> <span class='ocrx_word' id='word_1_191' title='bbox 1037 2168 1080 2215; x_wconf 91' lang='lat' dir='ltr'><strong>est</strong></span> <span class='ocrx_word' id='word_1_192' title='bbox 1101 2164 1235 2224; x_wconf 90' lang='lat' dir='ltr'><strong>ornatior,</strong></span> <span class='ocrx_word' id='word_1_193' title='bbox 1251 2175 1344 2228; x_wconf 88' lang='lat' dir='ltr'><strong>neque</strong></span> <span class='ocrx_word' id='word_1_194' title='bbox 1361 2168 1454 2214; x_wconf 83' lang='lat' dir='ltr'><strong>tamen</strong></span> <span class='ocrx_word' id='word_1_195' title='bbox 1473 2176 1518 2213; x_wconf 90' lang='lat' dir='ltr'><strong>res</strong></span> 
     </span>
     <span class='ocr_line' id='line_1_19' title="bbox 198 2251 831 2316; baseline -0.002 -13"><span class='ocrx_word' id='word_1_196' title='bbox 198 2255 253 2303; x_wconf 89' lang='lat' dir='ltr'><strong>tam</strong></span> <span class='ocrx_word' id='word_1_197' title='bbox 269 2256 397 2303; x_wconf 87' lang='lat' dir='ltr'><strong>accurate</strong></span> <span class='ocrx_word' id='word_1_198' title='bbox 410 2251 582 2304; x_wconf 85' lang='lat' dir='ltr'><strong>definiuntur</strong></span> <span class='ocrx_word' id='word_1_199' title='bbox 592 2265 676 2316; x_wconf 86' lang='lat' dir='ltr'><strong>quam</strong></span> <span class='ocrx_word' id='word_1_200' title='bbox 689 2253 772 2303; x_wconf 90' lang='lat' dir='ltr'><strong>Num.</strong></span> <span class='ocrx_word' id='word_1_201' title='bbox 788 2254 831 2303; x_wconf 85' lang='grc'><strong>35.</strong></span> 
     </span>
    </p>
   </div>
   <div class='ocr_carea' id='block_1_4' title="bbox 557 2463 1171 2524">
    <p class='ocr_par' dir='ltr' id='par_1_4' title="bbox 557 2463 1171 2524">
     <span class='ocr_line' id='line_1_20' title="bbox 557 2463 1171 2524; baseline 0.002 -14"><span class='ocrx_word' id='word_1_202' title='bbox 557 2463 679 2510; x_wconf 80' lang='lat' dir='ltr'><strong>Civitates</strong></span> <span class='ocrx_word' id='word_1_203' title='bbox 694 2463 784 2524; x_wconf 73' lang='lat' dir='ltr'><strong>refugii</strong></span> <span class='ocrx_word' id='word_1_204' title='bbox 797 2463 963 2523; x_wconf 78' lang='lat' dir='ltr'><strong>designandae</strong></span> <span class='ocrx_word' id='word_1_205' title='bbox 976 2463 1049 2510; x_wconf 86' lang='lat' dir='ltr'><strong>Num.</strong></span> <span class='ocrx_word' id='word_1_206' title='bbox 1065 2465 1171 2523; x_wconf 67' lang='lat' dir='ltr'><strong>eus-ie.</strong></span> 
     </span>
    </p>
   </div>
   <div class='ocr_carea' id='block_1_5' title="bbox 193 2637 1520 4863">
    <p class='ocr_par' dir='ltr' id='par_1_5' title="bbox 193 2637 1520 4863">
     <span class='ocr_line' id='line_1_21' title="bbox 241 2637 1520 2729; baseline -0.001 -26"><span class='ocrx_word' id='word_1_207' title='bbox 241 2660 274 2707; x_wconf 89' lang='lat' dir='ltr'><strong>v.</strong></span> <span class='ocrx_word' id='word_1_208' title='bbox 290 2645 343 2706; x_wconf 79' lang='lat'><strong>9«</strong></span> <span class='ocrx_word' id='word_1_209' title='bbox 365 2639 422 2705; x_wconf 86' lang='lat' dir='ltr'><strong>Ait</strong></span> <span class='ocrx_word' id='word_1_210' title='bbox 436 2639 602 2707; x_wconf 85' lang='lat' dir='ltr'><strong>Dominus</strong></span> <span class='ocrx_word' id='word_1_211' title='bbox 619 2639 666 2706; x_wconf 89' lang='lat' dir='ltr'><strong>ed</strong></span> <span class='ocrx_word' id='word_1_212' title='bbox 686 2643 829 2729; x_wconf 75' lang='lat' dir='ltr'><strong>Moysen</strong></span> <span class='ocrx_word' id='word_1_213' title='bbox 852 2668 868 2702; x_wconf 80' lang='lat' dir='ltr'><strong>n</strong></span> <span class='ocrx_word' id='word_1_214' title='bbox 894 2661 902 2708; x_wconf 92' lang='lat'>:</span> <span class='ocrx_word' id='word_1_215' title='bbox 927 2662 959 2706; x_wconf 90' lang='lat' dir='ltr'><strong>v.</strong></span> <span class='ocrx_word' id='word_1_216' title='bbox 985 2647 1024 2706; x_wconf 88' lang='lat'><strong>10</strong></span> <span class='ocrx_word' id='word_1_217' title='bbox 1046 2668 1061 2702; x_wconf 73' lang='grc' dir='ltr'>α</span> <span class='ocrx_word' id='word_1_218' title='bbox 1085 2643 1236 2728; x_wconf 84' lang='lat' dir='ltr'><strong>Loquere</strong></span> <span class='ocrx_word' id='word_1_219' title='bbox 1254 2637 1339 2727; x_wconf 76' lang='lat' dir='ltr'><strong>filiis</strong></span> <span class='ocrx_word' id='word_1_220' title='bbox 1363 2637 1471 2706; x_wconf 82' lang='lat' dir='ltr'><strong>Israel</strong></span> <span class='ocrx_word' id='word_1_221' title='bbox 1486 2649 1520 2703; x_wconf 83' lang='lat' dir='ltr'><strong>et</strong></span> 
     </span>
     <span class='ocr_line' id='line_1_22' title="bbox 198 2743 1518 2837; baseline 0.001 -26"><span class='ocrx_word' id='word_1_222' title='bbox 198 2744 288 2812; x_wconf 84' lang='lat' dir='ltr'><strong>dices</strong></span> <span class='ocrx_word' id='word_1_223' title='bbox 302 2744 350 2812; x_wconf 86' lang='lat' dir='ltr'><strong>ed</strong></span> <span class='ocrx_word' id='word_1_224' title='bbox 363 2767 417 2812; x_wconf 88' lang='lat' dir='ltr'><strong>eos</strong></span> <span class='ocrx_word' id='word_1_225' title='bbox 435 2764 448 2810; x_wconf 90' lang='grc'><strong>.·</strong></span> <span class='ocrx_word' id='word_1_226' title='bbox 468 2745 613 2827; x_wconf 84' lang='lat' dir='ltr'><strong>Quande</strong></span> <span class='ocrx_word' id='word_1_227' title='bbox 629 2745 836 2837; x_wconf 75' lang='lat' dir='ltr'><strong>transqressi</strong></span> <span class='ocrx_word' id='word_1_228' title='bbox 851 2746 997 2836; x_wconf 83' lang='lat' dir='ltr'><strong>fueritis</strong></span> <span class='ocrx_word' id='word_1_229' title='bbox 1017 2745 1200 2814; x_wconf 85' lang='lat' dir='ltr'><strong>lerdenem</strong></span> <span class='ocrx_word' id='word_1_230' title='bbox 1224 2745 1260 2812; x_wconf 89' lang='lat' dir='ltr'><strong>t&#39;n</strong></span> <span class='ocrx_word' id='word_1_231' title='bbox 1282 2757 1408 2812; x_wconf 85' lang='lat' dir='ltr'><strong>terram</strong></span> <span class='ocrx_word' id='word_1_232' title='bbox 1431 2743 1518 2812; x_wconf 77' lang='lat' dir='ltr'><strong>eta-</strong></span> 
     </span>
     <span class='ocr_line' id='line_1_23' title="bbox 197 2850 1518 2943; baseline 0 -25"><span class='ocrx_word' id='word_1_233' title='bbox 197 2874 289 2918; x_wconf 86' lang='lat' dir='ltr'><strong>ueen</strong></span> <span class='ocrx_word' id='word_1_234' title='bbox 303 2879 319 2914; x_wconf 91' lang='lat'>»</span> <span class='ocrx_word' id='word_1_235' title='bbox 336 2851 392 2941; x_wconf 85' lang='lat' dir='ltr'><strong>(et.</strong></span> <span class='ocrx_word' id='word_1_236' title='bbox 409 2859 529 2935; x_wconf 81' lang='lat'>33‚51;</span> <span class='ocrx_word' id='word_1_237' title='bbox 546 2853 652 2943; x_wconf 62' lang='lat' dir='ltr'><strong>ete),</strong></span> <span class='ocrx_word' id='word_1_238' title='bbox 668 2875 701 2927; x_wconf 77' lang='lat' dir='ltr'><strong>r.</strong></span> <span class='ocrx_word' id='word_1_239' title='bbox 719 2859 757 2920; x_wconf 96' lang='grc'><strong>11</strong></span> <span class='ocrx_word' id='word_1_240' title='bbox 782 2881 798 2915; x_wconf 83' lang='lat' dir='ltr'><strong>e</strong></span> <span class='ocrx_word' id='word_1_241' title='bbox 815 2851 999 2935; x_wconf 85' lang='lat' dir='ltr'><strong>decernite,</strong></span> <span class='ocrx_word' id='word_1_242' title='bbox 1016 2875 1104 2943; x_wconf 84' lang='lat' dir='ltr'><strong>quac</strong></span> <span class='ocrx_word' id='word_1_243' title='bbox 1125 2855 1222 2920; x_wconf 85' lang='lat' dir='ltr'><strong>urbes</strong></span> <span class='ocrx_word' id='word_1_244' title='bbox 1239 2874 1307 2919; x_wconf 88' lang='lat' dir='ltr'><strong>esse</strong></span> <span class='ocrx_word' id='word_1_245' title='bbox 1323 2851 1468 2918; x_wconf 86' lang='lat' dir='ltr'><strong>debeant</strong></span> <span class='ocrx_word' id='word_1_246' title='bbox 1481 2850 1518 2918; x_wconf 87' lang='lat' dir='ltr'><strong>in</strong></span> 
     </span>
     <span class='ocr_line' id='line_1_24' title="bbox 194 2956 1518 3050; baseline 0 -27"><span class='ocrx_word' id='word_1_247' title='bbox 194 2957 371 3047; x_wconf 81' lang='lat' dir='ltr'><strong>praesidia</strong></span> <span class='ocrx_word' id='word_1_248' title='bbox 393 2957 643 3048; x_wconf 73' lang='lat' dir='ltr'><strong>supitioorum,</strong></span> <span class='ocrx_word' id='word_1_249' title='bbox 669 2960 732 3050; x_wconf 83' lang='lat' dir='ltr'><strong>qui</strong></span> <span class='ocrx_word' id='word_1_250' title='bbox 756 2959 908 3026; x_wconf 87' lang='lat' dir='ltr'><strong>nolentes</strong></span> <span class='ocrx_word' id='word_1_251' title='bbox 935 2959 1139 3047; x_wconf 74' lang='lat' dir='ltr'><strong>sanquinem</strong></span> <span class='ocrx_word' id='word_1_252' title='bbox 1161 2956 1318 3047; x_wconf 68' lang='lat' dir='ltr'><strong>fuderint</strong></span> <span class='ocrx_word' id='word_1_253' title='bbox 1348 2976 1389 3042; x_wconf 85' lang='lat'><strong>»,·</strong></span> <span class='ocrx_word' id='word_1_254' title='bbox 1409 2995 1454 3008; x_wconf 91' lang='lat'><em>-</em></span> <span class='ocrx_word' id='word_1_255' title='bbox 1476 2957 1518 3023; x_wconf 93' lang='lat' dir='ltr'><strong>de</strong></span> 
     </span>
     <span class='ocr_line' id='line_1_25' title="bbox 197 3062 1519 3154; baseline -0.001 -22"><span class='ocrx_word' id='word_1_256' title='bbox 197 3063 574 3153; x_wconf 62' lang='lat' dir='ltr'><strong>pioecesanum.</strong></span> <span class='ocrx_word' id='word_1_257' title='bbox 598 3062 820 3132; x_wconf 84' lang='lat' dir='ltr'><strong>indeliberute</strong></span> <span class='ocrx_word' id='word_1_258' title='bbox 841 3067 1046 3149; x_wconf 85' lang='lat' dir='ltr'><strong>commissis,</strong></span> <span class='ocrx_word' id='word_1_259' title='bbox 1067 3085 1129 3132; x_wconf 88' lang='lat' dir='ltr'><strong>seu</strong></span> <span class='ocrx_word' id='word_1_260' title='bbox 1149 3085 1295 3154; x_wconf 89' lang='lat' dir='ltr'><strong>quorum</strong></span> <span class='ocrx_word' id='word_1_261' title='bbox 1317 3062 1519 3132; x_wconf 83' lang='lat' dir='ltr'><strong>deliberatio</strong></span> 
     </span>
     <span class='ocr_line' id='line_1_26' title="bbox 198 3169 1518 3261; baseline -0.001 -25"><span class='ocrx_word' id='word_1_262' title='bbox 198 3191 267 3237; x_wconf 92' lang='lat' dir='ltr'><strong>non</strong></span> <span class='ocrx_word' id='word_1_263' title='bbox 283 3170 463 3239; x_wconf 80' lang='lat' dir='ltr'><strong>constabat</strong></span> <span class='ocrx_word' id='word_1_264' title='bbox 476 3170 623 3239; x_wconf 88' lang='lat' dir='ltr'><strong>iuridica</strong></span> <span class='ocrx_word' id='word_1_265' title='bbox 641 3171 862 3261; x_wconf 84' lang='lat' dir='ltr'><strong>probatione,</strong></span> <span class='ocrx_word' id='word_1_266' title='bbox 880 3171 924 3239; x_wconf 86' lang='lat' dir='ltr'><strong>ci.</strong></span> <span class='ocrx_word' id='word_1_267' title='bbox 941 3175 1028 3239; x_wconf 78' lang='lat' dir='ltr'><strong>ebt</strong></span> <span class='ocrx_word' id='word_1_268' title='bbox 1042 3193 1077 3260; x_wconf 92' lang='lat' dir='ltr'><strong>p.</strong></span> <span class='ocrx_word' id='word_1_269' title='bbox 1094 3176 1157 3238; x_wconf 78' lang='lat' dir='ltr'><strong>ert</strong></span> <span class='ocrx_word' id='word_1_270' title='bbox 1177 3209 1222 3224; x_wconf 93' lang='lat'>-</span> <span class='ocrx_word' id='word_1_271' title='bbox 1237 3193 1268 3238; x_wconf 91' lang='lat' dir='ltr'><strong>v.</strong></span> <span class='ocrx_word' id='word_1_272' title='bbox 1290 3174 1331 3237; x_wconf 78' lang='lat' dir='ltr'><strong>tn</strong></span> <span class='ocrx_word' id='word_1_273' title='bbox 1353 3198 1369 3232; x_wconf 78' lang='lat' dir='ltr'><strong>e</strong></span> <span class='ocrx_word' id='word_1_274' title='bbox 1387 3169 1423 3236; x_wconf 88' lang='lat' dir='ltr'><strong>in</strong></span> <span class='ocrx_word' id='word_1_275' title='bbox 1439 3169 1518 3260; x_wconf 85' lang='lat' dir='ltr'><strong>qui-</strong></span> 
     </span>
     <span class='ocr_line' id='line_1_27' title="bbox 198 3275 1514 3368; baseline -0.002 -22"><span class='ocrx_word' id='word_1_276' title='bbox 198 3275 260 3346; x_wconf 82' lang='lat' dir='ltr'><strong>bus</strong></span> <span class='ocrx_word' id='word_1_277' title='bbox 276 3299 352 3344; x_wconf 88' lang='lat' dir='ltr'><strong>eum</strong></span> <span class='ocrx_word' id='word_1_278' title='bbox 361 3278 477 3367; x_wconf 82' lang='lat' dir='ltr'><strong>suerit</strong></span> <span class='ocrx_word' id='word_1_279' title='bbox 485 3276 678 3368; x_wconf 75' lang='lat' dir='ltr'><strong>presequs,</strong></span> <span class='ocrx_word' id='word_1_280' title='bbox 696 3291 862 3367; x_wconf 71' lang='lat' dir='ltr'><strong>sequutus</strong></span> <span class='ocrx_word' id='word_1_281' title='bbox 877 3278 1006 3366; x_wconf 81' lang='lat' dir='ltr'><strong>[occisi]</strong></span> <span class='ocrx_word' id='word_1_282' title='bbox 1026 3301 1096 3344; x_wconf 89' lang='lat' dir='ltr'><strong>non</strong></span> <span class='ocrx_word' id='word_1_283' title='bbox 1108 3277 1238 3368; x_wconf 82' lang='lat' dir='ltr'><strong>poterit</strong></span> <span class='ocrx_word' id='word_1_284' title='bbox 1254 3299 1332 3343; x_wconf 90' lang='lat' dir='ltr'><strong>eum</strong></span> <span class='ocrx_word' id='word_1_285' title='bbox 1348 3276 1514 3360; x_wconf 83' lang='lat' dir='ltr'><strong>occidere,</strong></span> 
     </span>
     <span class='ocr_line' id='line_1_28' title="bbox 197 3382 1519 3475; baseline -0.004 -21"><span class='ocrx_word' id='word_1_286' title='bbox 197 3383 303 3454; x_wconf 87' lang='lat' dir='ltr'><strong>donee</strong></span> <span class='ocrx_word' id='word_1_287' title='bbox 317 3395 382 3451; x_wconf 85' lang='lat' dir='ltr'><strong>stet</strong></span> <span class='ocrx_word' id='word_1_288' title='bbox 395 3384 433 3452; x_wconf 87' lang='lat' dir='ltr'><strong>in</strong></span> <span class='ocrx_word' id='word_1_289' title='bbox 445 3397 627 3475; x_wconf 84' lang='lat' dir='ltr'><strong>conspectu</strong></span> <span class='ocrx_word' id='word_1_290' title='bbox 640 3383 880 3454; x_wconf 82' lang='lat' dir='ltr'><strong>multitudinis</strong></span> <span class='ocrx_word' id='word_1_291' title='bbox 890 3397 922 3451; x_wconf 89' lang='lat' dir='ltr'><strong>et</strong></span> <span class='ocrx_word' id='word_1_292' title='bbox 934 3407 1036 3452; x_wconf 82' lang='lat' dir='ltr'><strong>causa</strong></span> <span class='ocrx_word' id='word_1_293' title='bbox 1050 3382 1148 3452; x_wconf 88' lang='lat' dir='ltr'><strong>illius</strong></span> <span class='ocrx_word' id='word_1_294' title='bbox 1159 3382 1334 3450; x_wconf 85' lang='lat' dir='ltr'><strong>iudicetur</strong></span> <span class='ocrx_word' id='word_1_295' title='bbox 1343 3409 1374 3451; x_wconf 74' lang='lat' dir='ltr'><strong>n.</strong></span> <span class='ocrx_word' id='word_1_296' title='bbox 1389 3384 1489 3449; x_wconf 86' lang='lat' dir='ltr'><strong>Hebr.</strong></span> <span class='ocrx_word' id='word_1_297' title='bbox 1507 3405 1519 3449; x_wconf 93' lang='lat'><strong>.·</strong></span> 
     </span>
     <span class='ocr_line' id='line_1_29' title="bbox 198 3479 1519 3582; baseline -0.001 -25"><span class='ocrx_word' id='word_1_298' title='bbox 198 3501 230 3557; x_wconf 85' lang='lat' dir='ltr'><strong>et</strong></span> <span class='ocrx_word' id='word_1_299' title='bbox 244 3502 341 3558; x_wconf 84' lang='lat' dir='ltr'><strong>erum</strong></span> <span class='ocrx_word' id='word_1_300' title='bbox 357 3491 450 3557; x_wconf 82' lang='lat' dir='ltr'><strong>vobis</strong></span> <span class='ocrx_word' id='word_1_301' title='bbox 464 3491 619 3559; x_wconf 85' lang='lat' dir='ltr'><strong>civitates</strong></span> <span class='ocrx_word' id='word_1_302' title='bbox 633 3489 811 3582; x_wconf 71' lang='lat' dir='ltr'><strong>resttqium</strong></span> <span class='ocrx_word' id='word_1_303' title='bbox 822 3514 843 3558; x_wconf 87' lang='lat' dir='ltr'><strong>ct</strong></span> <span class='ocrx_word' id='word_1_304' title='bbox 856 3490 1084 3581; x_wconf 81' lang='lat' dir='ltr'><strong>redemptore,</strong></span> <span class='ocrx_word' id='word_1_305' title='bbox 1100 3479 1170 3566; x_wconf 72' lang='lat' dir='ltr'><strong>brt,</strong></span> <span class='ocrx_word' id='word_1_306' title='bbox 1189 3490 1249 3580; x_wconf 89' lang='lat' dir='ltr'><strong>qui</strong></span> <span class='ocrx_word' id='word_1_307' title='bbox 1260 3488 1379 3579; x_wconf 90' lang='lat' dir='ltr'><strong>utique</strong></span> <span class='ocrx_word' id='word_1_308' title='bbox 1395 3511 1519 3579; x_wconf 73' lang='lat' dir='ltr'><strong>coqne-</strong></span> 
     </span>
     <span class='ocr_line' id='line_1_30' title="bbox 198 3595 1520 3688; baseline 0.001 -27"><span class='ocrx_word' id='word_1_309' title='bbox 198 3609 250 3664; x_wconf 87' lang='lat' dir='ltr'><strong>tus</strong></span> <span class='ocrx_word' id='word_1_310' title='bbox 275 3601 361 3664; x_wconf 90' lang='lat' dir='ltr'><strong>erat.</strong></span> <span class='ocrx_word' id='word_1_311' title='bbox 388 3601 440 3663; x_wconf 89' lang='lat' dir='ltr'><strong>Sc.</strong></span> <span class='ocrx_word' id='word_1_312' title='bbox 472 3598 592 3664; x_wconf 91' lang='lat' dir='ltr'><strong>ordine</strong></span> <span class='ocrx_word' id='word_1_313' title='bbox 616 3597 883 3688; x_wconf 79' lang='lat' dir='ltr'><strong>propinquitatis</strong></span> <span class='ocrx_word' id='word_1_314' title='bbox 911 3597 1015 3686; x_wconf 76' lang='lat' dir='ltr'><strong>(Ruth</strong></span> <span class='ocrx_word' id='word_1_315' title='bbox 1044 3599 1138 3686; x_wconf 62' lang='lat' dir='ltr'><strong>ddi)</strong></span> <span class='ocrx_word' id='word_1_316' title='bbox 1165 3596 1287 3664; x_wconf 87' lang='lat' dir='ltr'><strong>iratres</strong></span> <span class='ocrx_word' id='word_1_317' title='bbox 1312 3595 1520 3664; x_wconf 86' lang='lat' dir='ltr'><strong>tenebantur</strong></span> 
     </span>
     <span class='ocr_line' id='line_1_31' title="bbox 196 3701 1519 3795; baseline 0.001 -27"><span class='ocrx_word' id='word_1_318' title='bbox 196 3702 357 3771; x_wconf 88' lang='lat' dir='ltr'><strong>defuneto</strong></span> <span class='ocrx_word' id='word_1_319' title='bbox 378 3701 476 3769; x_wconf 86' lang='lat' dir='ltr'><strong>fratri</strong></span> <span class='ocrx_word' id='word_1_320' title='bbox 498 3725 614 3770; x_wconf 92' lang='lat' dir='ltr'><strong>semen</strong></span> <span class='ocrx_word' id='word_1_321' title='bbox 636 3705 816 3788; x_wconf 87' lang='lat' dir='ltr'><strong>suscitare,</strong></span> <span class='ocrx_word' id='word_1_322' title='bbox 838 3710 1014 3795; x_wconf 88' lang='lat' dir='ltr'><strong>assumpta</strong></span> <span class='ocrx_word' id='word_1_323' title='bbox 1039 3703 1111 3772; x_wconf 90' lang='lat' dir='ltr'><strong>eius</strong></span> <span class='ocrx_word' id='word_1_324' title='bbox 1132 3704 1238 3772; x_wconf 89' lang='lat' dir='ltr'><strong>vidue</strong></span> <span class='ocrx_word' id='word_1_325' title='bbox 1257 3705 1293 3770; x_wconf 95' lang='lat' dir='ltr'><strong>in</strong></span> <span class='ocrx_word' id='word_1_326' title='bbox 1317 3701 1519 3790; x_wconf 76' lang='lat' dir='ltr'><strong>coniugium</strong></span> 
     </span>
     <span class='ocr_line' id='line_1_32' title="bbox 196 3808 1515 3900; baseline 0 -24"><span class='ocrx_word' id='word_1_327' title='bbox 196 3809 377 3890; x_wconf 89' lang='lat' dir='ltr'><strong>leviratus;</strong></span> <span class='ocrx_word' id='word_1_328' title='bbox 397 3808 518 3876; x_wconf 91' lang='lat' dir='ltr'><strong>eodem</strong></span> <span class='ocrx_word' id='word_1_329' title='bbox 533 3809 655 3878; x_wconf 92' lang='lat' dir='ltr'><strong>ordine</strong></span> <span class='ocrx_word' id='word_1_330' title='bbox 668 3810 722 3878; x_wconf 85' lang='lat' dir='ltr'><strong>ius</strong></span> <span class='ocrx_word' id='word_1_331' title='bbox 742 3810 918 3879; x_wconf 89' lang='lat' dir='ltr'><strong>habebant</strong></span> <span class='ocrx_word' id='word_1_332' title='bbox 939 3811 1163 3880; x_wconf 85' lang='lat' dir='ltr'><strong>redimendae</strong></span> <span class='ocrx_word' id='word_1_333' title='bbox 1183 3809 1404 3900; x_wconf 87' lang='lat' dir='ltr'><strong>possessionis</strong></span> <span class='ocrx_word' id='word_1_334' title='bbox 1424 3810 1515 3896; x_wconf 88' lang='lat' dir='ltr'><strong>(Lev.</strong></span> 
     </span>
     <span class='ocr_line' id='line_1_33' title="bbox 198 3915 1518 4007; baseline 0 -25"><span class='ocrx_word' id='word_1_335' title='bbox 198 3915 327 4000; x_wconf 59' lang='grc'><strong>2535),</strong></span> <span class='ocrx_word' id='word_1_336' title='bbox 356 3936 461 4005; x_wconf 89' lang='lat' dir='ltr'><strong>quam</strong></span> <span class='ocrx_word' id='word_1_337' title='bbox 486 3916 702 4007; x_wconf 84' lang='lat' dir='ltr'><strong>propinquus</strong></span> <span class='ocrx_word' id='word_1_338' title='bbox 725 3922 876 4004; x_wconf 83' lang='lat' dir='ltr'><strong>egestate</strong></span> <span class='ocrx_word' id='word_1_339' title='bbox 903 3917 1099 4007; x_wconf 90' lang='lat' dir='ltr'><strong>compulsus</strong></span> <span class='ocrx_word' id='word_1_340' title='bbox 1125 3916 1354 3993; x_wconf 86' lang='lat' dir='ltr'><strong>divendisset;</strong></span> <span class='ocrx_word' id='word_1_341' title='bbox 1381 3919 1416 3980; x_wconf 92' lang='lat' dir='ltr'><strong>et</strong></span> <span class='ocrx_word' id='word_1_342' title='bbox 1438 3937 1518 3982; x_wconf 89' lang='lat' dir='ltr'><strong>sane</strong></span> 
     </span>
     <span class='ocr_line' id='line_1_34' title="bbox 196 4019 1519 4110; baseline -0.003 -21"><span class='ocrx_word' id='word_1_343' title='bbox 196 4021 317 4089; x_wconf 90' lang='lat' dir='ltr'><strong>eodem</strong></span> <span class='ocrx_word' id='word_1_344' title='bbox 333 4021 454 4089; x_wconf 89' lang='lat' dir='ltr'><strong>ordine</strong></span> <span class='ocrx_word' id='word_1_345' title='bbox 465 4023 671 4090; x_wconf 90' lang='lat' dir='ltr'><strong>tenebantur</strong></span> <span class='ocrx_word' id='word_1_346' title='bbox 682 4024 853 4092; x_wconf 85' lang='lat' dir='ltr'><strong>interfecti</strong></span> <span class='ocrx_word' id='word_1_347' title='bbox 868 4045 988 4092; x_wconf 88' lang='lat' dir='ltr'><strong>necem</strong></span> <span class='ocrx_word' id='word_1_348' title='bbox 1001 4023 1130 4091; x_wconf 91' lang='lat' dir='ltr'><strong>ulcisci.</strong></span> <span class='ocrx_word' id='word_1_349' title='bbox 1147 4028 1218 4101; x_wconf 85' lang='lat' dir='ltr'><strong>Qua</strong></span> <span class='ocrx_word' id='word_1_350' title='bbox 1227 4022 1264 4088; x_wconf 91' lang='lat' dir='ltr'><strong>in</strong></span> <span class='ocrx_word' id='word_1_351' title='bbox 1276 4044 1313 4088; x_wconf 93' lang='lat' dir='ltr'><strong>re</strong></span> <span class='ocrx_word' id='word_1_352' title='bbox 1326 4019 1519 4110; x_wconf 83' lang='lat' dir='ltr'><strong>redemptor</strong></span> 
     </span>
     <span class='ocr_line' id='line_1_35' title="bbox 196 4127 1519 4219; baseline -0.001 -24"><span class='ocrx_word' id='word_1_353' title='bbox 196 4127 378 4218; x_wconf 78' lang='lat' dir='ltr'><strong>sanqut&#39;nis</strong></span> <span class='ocrx_word' id='word_1_354' title='bbox 391 4128 518 4214; x_wconf 82' lang='lat' dir='ltr'><strong>egebat</strong></span> <span class='ocrx_word' id='word_1_355' title='bbox 531 4130 670 4198; x_wconf 88' lang='lat' dir='ltr'><strong>nomine</strong></span> <span class='ocrx_word' id='word_1_356' title='bbox 683 4130 790 4198; x_wconf 84' lang='lat' dir='ltr'><strong>totius</strong></span> <span class='ocrx_word' id='word_1_357' title='bbox 805 4129 1020 4219; x_wconf 80' lang='lat' dir='ltr'><strong>cognationis</strong></span> <span class='ocrx_word' id='word_1_358' title='bbox 1034 4137 1055 4196; x_wconf 73' lang='lat'><strong>2</strong></span> <span class='ocrx_word' id='word_1_359' title='bbox 1070 4135 1156 4215; x_wconf 83' lang='lat' dir='ltr'><strong>Reg.</strong></span> <span class='ocrx_word' id='word_1_360' title='bbox 1176 4134 1266 4210; x_wconf 84' lang='lat' dir='ltr'><strong>1t,t.</strong></span> <span class='ocrx_word' id='word_1_361' title='bbox 1284 4133 1336 4210; x_wconf 89' lang='grc'><strong>11,</strong></span> <span class='ocrx_word' id='word_1_362' title='bbox 1355 4133 1519 4212; x_wconf 83' lang='lat' dir='ltr'><strong>cognatos</strong></span> 
     </span>
     <span class='ocr_line' id='line_1_36' title="bbox 196 4217 1517 4326; baseline -0.001 -25"><span class='ocrx_word' id='word_1_363' title='bbox 196 4217 503 4319; x_wconf 62' lang='lat' dir='ltr'><strong>circummittebat,</strong></span> <span class='ocrx_word' id='word_1_364' title='bbox 516 4258 577 4303; x_wconf 88' lang='lat' dir='ltr'><strong>sua</strong></span> <span class='ocrx_word' id='word_1_365' title='bbox 587 4241 649 4305; x_wconf 90' lang='lat' dir='ltr'><strong>aut</strong></span> <span class='ocrx_word' id='word_1_366' title='bbox 665 4258 784 4305; x_wconf 91' lang='lat' dir='ltr'><strong>eorum</strong></span> <span class='ocrx_word' id='word_1_367' title='bbox 799 4259 906 4306; x_wconf 88' lang='lat' dir='ltr'><strong>manu</strong></span> <span class='ocrx_word' id='word_1_368' title='bbox 920 4241 1051 4304; x_wconf 89' lang='lat' dir='ltr'><strong>sontem</strong></span> <span class='ocrx_word' id='word_1_369' title='bbox 1066 4233 1291 4326; x_wconf 91' lang='lat' dir='ltr'><strong>percutiebat.</strong></span> <span class='ocrx_word' id='word_1_370' title='bbox 1312 4238 1401 4311; x_wconf 81' lang='lat' dir='ltr'><strong>Quae</strong></span> <span class='ocrx_word' id='word_1_371' title='bbox 1416 4256 1517 4325; x_wconf 90' lang='lat' dir='ltr'><strong>porro</strong></span> 
     </span>
     <span class='ocr_line' id='line_1_37' title="bbox 194 4339 1518 4431; baseline 0.001 -25"><span class='ocrx_word' id='word_1_372' title='bbox 194 4339 411 4428; x_wconf 83' lang='lat' dir='ltr'><strong>intelligatur</strong></span> <span class='ocrx_word' id='word_1_373' title='bbox 426 4342 622 4424; x_wconf 90' lang='lat' dir='ltr'><strong>multitudo,</strong></span> <span class='ocrx_word' id='word_1_374' title='bbox 641 4343 794 4410; x_wconf 90' lang='lat' dir='ltr'><strong>dicemus</strong></span> <span class='ocrx_word' id='word_1_375' title='bbox 816 4343 860 4411; x_wconf 87' lang='lat' dir='ltr'><strong>ad</strong></span> <span class='ocrx_word' id='word_1_376' title='bbox 880 4367 912 4410; x_wconf 90' lang='lat' dir='ltr'><strong>v.</strong></span> <span class='ocrx_word' id='word_1_377' title='bbox 935 4349 988 4412; x_wconf 72' lang='lat'><strong>25.</strong></span> <span class='ocrx_word' id='word_1_378' title='bbox 1017 4341 1157 4409; x_wconf 88' lang='lat' dir='ltr'><strong>Urbium</strong></span> <span class='ocrx_word' id='word_1_379' title='bbox 1176 4363 1281 4431; x_wconf 91' lang='lat' dir='ltr'><strong>porro</strong></span> <span class='ocrx_word' id='word_1_380' title='bbox 1302 4361 1465 4409; x_wconf 91' lang='lat' dir='ltr'><strong>numerus</strong></span> <span class='ocrx_word' id='word_1_381' title='bbox 1485 4346 1518 4408; x_wconf 88' lang='lat' dir='ltr'><strong>et</strong></span> 
     </span>
     <span class='ocr_line' id='line_1_38' title="bbox 198 4445 1520 4540; baseline 0 -28"><span class='ocrx_word' id='word_1_382' title='bbox 198 4447 381 4515; x_wconf 89' lang='lat' dir='ltr'><strong>universim</strong></span> <span class='ocrx_word' id='word_1_383' title='bbox 401 4450 485 4516; x_wconf 90' lang='lat' dir='ltr'><strong>situs</strong></span> <span class='ocrx_word' id='word_1_384' title='bbox 503 4449 667 4517; x_wconf 91' lang='lat' dir='ltr'><strong>definitur</strong></span> <span class='ocrx_word' id='word_1_385' title='bbox 686 4471 718 4516; x_wconf 91' lang='lat' dir='ltr'><strong>v.</strong></span> <span class='ocrx_word' id='word_1_386' title='bbox 747 4457 787 4515; x_wconf 87' lang='grc'><strong>13</strong></span> <span class='ocrx_word' id='word_1_387' title='bbox 812 4471 819 4519; x_wconf 93' lang='lat'><strong>:</strong></span> <span class='ocrx_word' id='word_1_388' title='bbox 847 4477 863 4512; x_wconf 91' lang='lat'>«</span> <span class='ocrx_word' id='word_1_389' title='bbox 887 4453 935 4516; x_wconf 87' lang='lat' dir='ltr'><strong>De</strong></span> <span class='ocrx_word' id='word_1_390' title='bbox 956 4447 1039 4540; x_wconf 86' lang='lat' dir='ltr'><strong>t&#39;pst&#39;s</strong></span> <span class='ocrx_word' id='word_1_391' title='bbox 1054 4460 1170 4516; x_wconf 84' lang='lat' dir='ltr'><strong>nutem</strong></span> <span class='ocrx_word' id='word_1_392' title='bbox 1190 4446 1346 4532; x_wconf 83' lang='lat' dir='ltr'><strong>urbibus,</strong></span> <span class='ocrx_word' id='word_1_393' title='bbox 1368 4470 1456 4536; x_wconf 85' lang='lat' dir='ltr'><strong>quae</strong></span> <span class='ocrx_word' id='word_1_394' title='bbox 1472 4445 1520 4513; x_wconf 85' lang='lat' dir='ltr'><strong>ad</strong></span> 
     </span>
     <span class='ocr_line' id='line_1_39' title="bbox 193 4551 1514 4647; baseline -0.001 -28"><span class='ocrx_word' id='word_1_395' title='bbox 193 4551 421 4644; x_wconf 75' lang='lat' dir='ltr'><strong>suqt&#39;tioorum</strong></span> <span class='ocrx_word' id='word_1_396' title='bbox 433 4555 588 4622; x_wconf 85' lang='lat' dir='ltr'><strong>subsidia</strong></span> <span class='ocrx_word' id='word_1_397' title='bbox 602 4568 807 4647; x_wconf 83' lang='lat' dir='ltr'><strong>separantur</strong></span> <span class='ocrx_word' id='word_1_398' title='bbox 823 4584 853 4640; x_wconf 81' lang='lat' dir='ltr'><strong>n,</strong></span> <span class='ocrx_word' id='word_1_399' title='bbox 871 4578 902 4623; x_wconf 90' lang='lat' dir='ltr'><strong>v.</strong></span> <span class='ocrx_word' id='word_1_400' title='bbox 921 4559 992 4622; x_wconf 84' lang='lat' dir='ltr'><strong>tt«</strong></span> <span class='ocrx_word' id='word_1_401' title='bbox 1012 4567 1079 4622; x_wconf 86' lang='lat' dir='ltr'><strong>tres</strong></span> <span class='ocrx_word' id='word_1_402' title='bbox 1096 4566 1196 4622; x_wconf 83' lang='lat' dir='ltr'><strong>erunt</strong></span> <span class='ocrx_word' id='word_1_403' title='bbox 1212 4567 1306 4622; x_wconf 85' lang='lat' dir='ltr'><strong>trans</strong></span> <span class='ocrx_word' id='word_1_404' title='bbox 1320 4553 1514 4636; x_wconf 83' lang='lat' dir='ltr'><strong>Iordanem,</strong></span> 
     </span>
     <span class='ocr_line' id='line_1_40' title="bbox 197 4658 1516 4752; baseline 0 -27"><span class='ocrx_word' id='word_1_405' title='bbox 197 4670 229 4726; x_wconf 88' lang='lat' dir='ltr'><strong>et</strong></span> <span class='ocrx_word' id='word_1_406' title='bbox 249 4659 368 4728; x_wconf 85' lang='lat' dir='ltr'><strong>tresin</strong></span> <span class='ocrx_word' id='word_1_407' title='bbox 382 4673 472 4730; x_wconf 78' lang='lat' dir='ltr'><strong>tetra</strong></span> <span class='ocrx_word' id='word_1_408' title='bbox 491 4660 660 4731; x_wconf 80' lang='lat' dir='ltr'><strong>utanaan</strong></span> <span class='ocrx_word' id='word_1_409' title='bbox 681 4690 712 4731; x_wconf 77' lang='lat' dir='ltr'><strong>n.</strong></span> <span class='ocrx_word' id='word_1_410' title='bbox 729 4662 915 4749; x_wconf 81' lang='lat' dir='ltr'><strong>Refugium</strong></span> <span class='ocrx_word' id='word_1_411' title='bbox 936 4662 1160 4752; x_wconf 86' lang='lat' dir='ltr'><strong>praestabunt</strong></span> <span class='ocrx_word' id='word_1_412' title='bbox 1178 4666 1290 4728; x_wconf 89' lang='lat' dir='ltr'><strong>terrae</strong></span> <span class='ocrx_word' id='word_1_413' title='bbox 1306 4658 1428 4726; x_wconf 91' lang='lat' dir='ltr'><strong>incolis</strong></span> <span class='ocrx_word' id='word_1_414' title='bbox 1445 4664 1516 4725; x_wconf 89' lang='lat' dir='ltr'><strong>tam</strong></span> 
     </span>
     <span class='ocr_line' id='line_1_41' title="bbox 197 4765 1518 4863; baseline -0.002 -31"><span class='ocrx_word' id='word_1_415' title='bbox 197 4767 358 4860; x_wconf 88' lang='lat' dir='ltr'><strong>hebraeis</strong></span> <span class='ocrx_word' id='word_1_416' title='bbox 375 4789 479 4858; x_wconf 86' lang='lat' dir='ltr'><strong>quam</strong></span> <span class='ocrx_word' id='word_1_417' title='bbox 498 4767 741 4863; x_wconf 18' lang='lat' dir='ltr'><strong>nonyhehraeis</strong></span> <span class='ocrx_word' id='word_1_418' title='bbox 759 4789 767 4836; x_wconf 75' lang='grc' dir='ltr'><em>τ</em></span> <span class='ocrx_word' id='word_1_419' title='bbox 783 4791 816 4836; x_wconf 83' lang='lat' dir='ltr'><strong>r.</strong></span> <span class='ocrx_word' id='word_1_420' title='bbox 837 4774 876 4836; x_wconf 83' lang='lat'><strong>15</strong></span> <span class='ocrx_word' id='word_1_421' title='bbox 899 4793 915 4830; x_wconf 76' lang='grc' dir='ltr'><strong>α</strong></span> <span class='ocrx_word' id='word_1_422' title='bbox 935 4781 1005 4834; x_wconf 86' lang='lat' dir='ltr'><strong>tem</strong></span> <span class='ocrx_word' id='word_1_423' title='bbox 1024 4765 1109 4857; x_wconf 81' lang='lat' dir='ltr'><strong>filiis</strong></span> <span class='ocrx_word' id='word_1_424' title='bbox 1130 4766 1239 4834; x_wconf 80' lang='lat' dir='ltr'><strong>lsrael</strong></span> <span class='ocrx_word' id='word_1_425' title='bbox 1254 4789 1358 4856; x_wconf 86' lang='lat' dir='ltr'><strong>quem</strong></span> <span class='ocrx_word' id='word_1_426' title='bbox 1377 4765 1518 4834; x_wconf 83' lang='lat' dir='ltr'><strong>aduenis</strong></span> 
     </span>
    </p>
   </div>
   <div class='ocr_carea' id='block_1_6' title="bbox 0 0 1766 5396">
    <p class='ocr_par' dir='ltr' id='par_1_6' title="bbox 0 0 1766 5396">
     <span class='ocr_line' id='line_1_42' title="bbox 0 0 1766 5396; baseline 0 0"><span class='ocrx_word' id='word_1_427' title='bbox 0 0 1766 5396; x_wconf 95' lang='lat' dir='ltr'><strong> </strong></span> 
     </span>
    </p>
   </div>
  </div>
 </body>
</html>
