3572 5396
725 411 799 456 surr.
824 398 895 469 lad
916 415 981 467 seo.
1459 401 1513 460 liri

185 545 284 606 pheta,
296 546 345 608 qui
358 557 415 595 nen
430 549 504 595 esset
519 545 592 595 idem
614 549 751 610 propheta
767 549 853 602 lahve
875 555 903 601 et
919 564 969 615 per
988 565 1070 616 quem
1086 565 1116 600 se
1133 548 1218 602 iahre
1233 551 1440 603 manifestaret.
1459 554 1515 604 Ve-

184 645 244 682 rum
264 638 331 682 nola
354 633 561 696 oppositionem
585 637 657 686 inter
678 638 814 701 prophete
837 647 932 702 certer,
945 641 1156 703 expressionem
1178 640 1264 690 veluti
1287 653 1346 690 rem
1372 643 1512 704 privatam

185 721 440 781 demonstrantem,
457 727 526 773 etv.
544 723 763 775 territamur.
782 727 919 779 Videntur
940 729 981 778 illi
998 729 1151 792 prophetae
1167 731 1261 792 potius
1281 729 1318 778 ad
1338 732 1514 806 privatorum

184 809 219 860 de
243 810 327 860 rebus
350 811 409 859 suis
435 813 603 873 quaestiones
627 814 763 876 quasdam
787 816 967 878 respondisse
992 815 1035 880 iet.
1058 817 1110 866 Ex.
1134 815 1245 877 lami
1272 817 1341 880 lleg.
1361 818 1429 882 o,c),
1447 819 1513 868 dum

183 897 293 960 Moyses
307 910 352 948 res
367 899 458 948 domur
471 899 551 950 lehre
564 901 822 962 animadvertebat,
839 905 857 954 i.
874 915 899 955 e.
916 917 962 956 res
987 905 1082 969 populi
1098 905 1186 955 lsrael
1201 903 1315 972 (doctr.)
1329 908 1379 957 vel
1392 920 1514 970 genera-

184 988 232 1036 tim
248 989 441 1036 oeconomiam
466 988 566 1038 salutis
582 985 675 1054 (Hehr.
693 991 759 1054 3,5).
773 1019 810 1030 -
826 992 881 1044 Sed
906 1006 955 1043 cur
972 994 1077 1056 Moysis
1095 1007 1123 1043 v.
1141 995 1155 1043 7
1171 993 1292 1058 fidelitas
1311 994 1435 1055 eilertur,
1451 1009 1513 1046 cum

182 1075 319 1125 orationis
340 1079 535 1138 argumentum
559 1079 697 1143 requirat,
714 1084 744 1129 ut
765 1081 853 1144 ipsius
876 1085 1004 1146 respectu
1025 1083 1148 1132 aliorum
1166 1083 1369 1146 prophetarum
1383 1097 1440 1134 non
1456 1089 1513 1135 tam

182 1164 273 1214 maior
285 1165 373 1212 etrtur
391 1177 475 1227 quarn
495 1167 587 1229 potior
609 1167 732 1230 dignitus
754 1168 906 1221 alteratur?
921 1171 1032 1232 Placet,
1049 1171 1125 1234 quod
1144 1173 1273 1234 suggerit
1294 1171 1396 1230 calm„
1415 1185 1512 1223 rocem

182 1259 259 1336 psa:
274 1265 376 1302 souare
392 1265 576 1304 oeconomum
583 1268 589 1314 ;
607 1255 656 1304 lin.
675 1255 724 1307 der
743 1257 933 1310 Oberknecht.
955 1261 964 1308 i
984 1260 1054 1322 Reg.
1072 1259 1136 1320 3,Ἱο
1163 1259 1277 1310 Samuel
1298 1263 1415 1312 vocatur
1435 1267 1511 1344 patr:

181 1343 275 1406 quoad
298 1342 486 1405 prophetiam,
507 1343 586 1392 velut
608 1345 840 1409 archipropheta;
863 1347 952 1398 David
978 1347 1058 1410 ridi
1084 1365 1094 1395 r
1120 1355 1196 1434 με)
1221 1351 1248 1399 et
1272 1361 1359 1412 gener
1382 1352 1458 1413 regis
1485 1367 1511 1401 ν.

181 1431 280 1482 Fuisse
294 1439 408 1488 bilibit:
424 1435 500 1483 vires
513 1435 541 1481 in
554 1434 647 1497 aliqua
662 1434 800 1498 dignitate
816 1438 983 1488 constitutos
1001 1437 1121 1488 suadent
1136 1437 1185 1487 lob
1203 1437 1300 1497 ti,‘20;
1315 1439 1398 1489 Prov.
1415 1438 1509 1499 13,li;

182 1520 274 1578 ‘25‚13.
290 1521 360 1572 ltem
381 1527 478 1577 risina
498 1521 666 1585 quandoque
685 1535 742 1573 non
767 1531 824 1574 tam
846 1524 929 1576 fidem
953 1526 1051 1586 edicit,
1069 1538 1154 1589 quam
1175 1525 1311 1585 officium,
1338 1540 1448 1578 munus.
1465 1525 1508 1579 Gi.

140 1629 142 1634 ·
183 1608 283 1672 iReg.
303 1609 395 1669 12‚15;
416 1611 426 1659 i
446 1611 508 1660 Par.
531 1610 604 1670 932.
618 1610 661 1660 itt.
675 1610 722 1672 31;
741 1612 756 1662 i
772 1612 837 1663 Par.
856 1614 947 1674 ³¹st
971 1614 1000 1664 15
1009 1627 1016 1674 ;
1034 1613 1115 1674 34,ἱῖ
1124 1628 1130 1675 ;
1153 1615 1168 1664 ‘t
1189 1614 1270 1664 Esdr.
1289 1615 1378 1676 lint.
1395 1615 1512 1667 Videtur

182 1698 295 1748 tarrdem
310 1698 458 1761 explicatio
473 1698 633 1750 confirmari
648 1713 665 1750 a
680 1699 710 1751 S.
724 1701 814 1752 Paulo
828 1703 915 1753 Hehr.
933 1703 977 1764 3,5
992 1717 1033 1766 sq.
1050 1703 1192 1754 Christum
1209 1703 1297 1766 Moysi
1309 1710 1508 1767 comparante:

180 1783 222 1836 καὶ
234 1783 341 1848 Mosen
355 1802 399 1854 μεν
414 1783 496 1845 acerbe
510 1783 535 1836 ἐν
551 1784 604 1856 ὅλῳ
618 1791 653 1856 τῷ
670 1785 734 1858 οἴκῳ
746 1786 830 1852 αὐτοῦ,
841 1788 874 1850 ὡς
889 1789 1013 1859 θεράπων,
1028 1787 1061 1849 εἰς
1072 1789 1205 1860 μαρτύριον
1222 1793 1273 1842 τῶν
1283 1788 1508 1860 λαληθησομένων·

180 1873 281 1942 Χριστὸς
298 1871 323 1924 δὲ
343 1873 376 1934 ὡς
395 1872 446 1949 cibe
467 1871 506 1926 tal
525 1873 567 1926 τὸν
583 1873 655 1926 οἶκον
671 1873 760 1934 αὐτοῦ,
780 1879 834 1930 Ubi
850 1877 934 1938 πιστός
947 1885 975 1932 et
991 1877 1102 1948 depilator
1121 1884 1187 1932 sunt
1201 1894 1299 1942 voceS,
1315 1861 1417 1945 quibus
1436 1882 1510 1932 Lxx

180 1964 264 2014 Num.
283 1965 343 2024 lid
362 1965 482 2016 reddunt
497 1971 572 2049 initi
585 1972 613 2017 et
632 1973 706 2027 'talu
727 1962 760 2024 εἰς
771 1965 902 2045 μαρτύριον
920 1971 971 2020 etc.
994 1969 1133 2032 dependet
1148 1983 1164 2020 a
1182 1966 1305 2037 θεράπων,
1324 1971 1511 2033 Opponuntur

180 2055 253 2104 inter
271 2066 302 2104 se
322 2051 405 2111 πιστός
424 2056 452 2104 et
473 2051 584 2120 Χριστός,
600 2052 713 2122 θεράπων
734 2063 763 2106 et
784 2052 835 2114 υἱός
851 2071 856 2106 ;
872 2060 944 2109 sicut
957 2055 1060 2124 Χριστός
1074 2071 1131 2110 non
1146 2057 1231 2108 edicit
1243 2061 1375 2108 virtutem
1388 2059 1509 2123 aliquam

180 2141 286 2192 Christi
297 2144 475 2206 acquisitam,
492 2145 542 2194 sed
566 2144 732 2208 dignitatem
747 2148 880 2206 messiae,
896 2148 935 2195 ita
956 2145 1040 2204 πιστός
1058 2160 1115 2196 non
1134 2147 1218 2197 edicit
1232 2147 1363 2197 virtutem
1386 2147 1509 2210 aliquam

180 2231 283 2294 Moysis
307 2232 487 2295 acquisitam,
508 2233 556 2284 sed
572 2233 705 2284 describit
720 2233 978 2300 dignitatemquam
992 2236 1052 2298 ipse
1071 2234 1177 2286 obtinet
1202 2235 1233 2283 in
1258 2235 1509 2286 enucleaveris*

179 2320 265 2382 igitur
278 2333 284 2368 :
297 2328 324 2368 ot
336 2334 389 2401 non
402 2320 466 2370 totis
475 2335 565 2371 cerrus
581 2337 652 2372 meus
663 2323 781 2385 lioyres:
797 2325 826 2372 in
839 2325 912 2372 omni
923 2325 997 2374 domo
1010 2323 1253 2373 mecmaiordomus
1263 2329 1300 2371 ert
1312 2325 1380 2386 ipre.

224 2543 256 2588 ν.
275 2527 295 2588 8
317 2549 332 2582 u
363 2522 426 2587 Ore
447 2521 537 2588 enim
562 2521 609 2588 ad
623 2545 659 2588 os
687 2521 810 2612 loquor
828 2523 876 2608 ei,
899 2535 931 2589 et
946 2522 1066 2612 polam
1094 2534 1126 2588 et
1143 2544 1212 2588 nori
1221 2520 1501 2611 peraenipmata

181 2639 212 2692 et
227 2627 362 2720 fiyurus
388 2629 574 2695 Dominum
598 2627 700 2696 videt.
724 2632 837 2712 Quare
854 2652 933 2719 erqo
953 2651 1022 2698 non
1045 2628 1208 2696 timuistis
1221 2627 1398 2716 detrahere
1410 2650 1505 2696 semo

181 2755 254 2799 meo
273 2734 405 2821 Moysi?
422 2761 438 2794 ν

214 2952 330 3014 Aliquos
345 2953 509 3014 interpretes
525 2949 561 3018 (v.
579 2965 606 3016 g.
622 2954 693 3012 Get,
707 2953 850 3016 densatio
870 2953 915 3002 his
930 2953 1057 3004 versibus
1073 2939 1246 3016 exponendis
1262 2953 1400 3016 decepere
1415 2968 1499 3017 prae-

179 3040 284 3092 iudicia
297 3039 332 3090 de
350 3040 434 3090 rebus
450 3041 485 3090 ad
504 3042 680 3104 prophetiam
701 3040 892 3104 spectantibus
913 3054 920 3089 r
943 3042 1080 3103 putabant
1102 3041 1222 3090 aliorum
1243 3043 1442 3105 prophetarum
1462 3044 1507 3092 ri·

180 3131 275 3179 siones
290 3128 377 3178 icisse
393 3131 421 3178 in
436 3130 516 3192 parte
531 3133 642 3180 animae
657 3131 839 3192 irnaginativa
855 3131 963 3190 solum,
978 3131 1081 3192 Moysis
1095 3131 1124 3178 ln
1140 3135 1220 3191 parte
1235 3129 1416 3180 intellectiva.
1431 3131 1506 3182 Con-

181 3221 222 3267 tra
236 3231 310 3280 quae
324 3218 425 3268 merito
439 3221 534 3269 monet
548 3219 616 3278 Est,
634 3219 723 3268 Deum
746 3231 762 3268 a
777 3217 872 3280 Moyse
894 3219 985 3268 visum
1005 3230 1068 3268 esse
1083 3218 1220 3280 corporali
1235 3219 1328 3280 specie
1343 3222 1465 3278 tantum,
1480 3222 1508 3269 et

180 3305 268 3368 Syia,
284 3306 399 3368 Moysen
413 3320 470 3357 non
490 3307 595 3358 vidisse
616 3307 739 3356 divinam
763 3308 926 3357 essentiam.
943 3307 1047 3357 Toxius
1067 3306 1182 3367 Moysen
1200 3311 1345 3369 comparat
1362 3308 1507 3370 prophetis

180 3394 359 3459 aequalibus,
376 3408 433 3446 non
448 3397 655 3459 antiquioribus
678 3409 770 3462 neque
791 3395 953 3447 necessario
978 3396 1024 3462 diu
1044 3399 1107 3458 post
1131 3393 1248 3456 Moysen
1270 3393 1372 3445 futuris
1388 3408 1395 3444 :
1410 3395 1444 3446 de
1463 3396 1507 3446 his

180 3483 333 3548 quidquam
345 3482 462 3534 delinire
478 3486 600 3535 alienum
616 3488 675 3535 erat
689 3498 706 3535 a
720 3487 854 3537 contextu
868 3498 930 3548 cap.
947 3485 989 3534 1‘2.
1005 3484 1065 3533 illis
1080 3483 1226 3546 prophetis
1240 3480 1296 3533 duo
1311 3496 1341 3534 se
1354 3484 1507 3536 concedere

180 3585 207 3621 ν.
223 3571 238 3622 6
253 3571 374 3622 aillrmat
389 3573 483 3622 Deus:
498 3575 529 3624 in
547 3576 648 3624 cisione
669 3589 707 3624 me
722 3576 747 3624 et
762 3573 957 3638 inanitertcho,
972 3580 995 3622 et
1013 3569 1151 3636 (copulam
1164 3573 1237 3620 Sam.
1258 3573 1322 3622 ΠΧ
1349 3573 1423 3636 Vulq.
1442 3557 1504 3636 Syr.

180 3657 293 3726 habent)
311 3661 459 3711 insomnio
480 3661 576 3724 loquor
593 3664 703 3714 adeum.
720 3664 828 3723 Quibus
844 3662 1016 3726 respondent
1032 3660 1101 3721 duo,
1117 3672 1191 3722 quae
1206 3673 1231 3709 ν.
1251 3659 1266 3708 8
1286 3661 1420 3713 ohiastiee
1435 3664 1504 3713 scri-

179 3751 283 3800 buntur
297 3763 304 3797 ε
319 3749 407 3810 Moysi
420 3764 462 3798 ore
474 3751 508 3799 od
523 3765 551 3799 er
567 3750 673 3814 loquar,
686 3765 754 3815 ergo
775 3755 846 3803 sicut
861 3752 1011 3814 vigilantes
1025 3749 1149 3811 colloqui
1162 3754 1362 3812 assueverunt,
1379 3760 1403 3800 et
1425 3753 1505 3802 oisto-

179 3851 253 3898 nem,
266 3838 310 3886 sed
321 3851 376 3890 non
385 3851 434 3902 per
444 3841 613 3902 aenigmate,
625 3847 649 3890 et
658 3840 772 3904 [crinem
783 3842 865 3891 labne
876 3840 1055 3890 contuebitur.
1071 3836 1256 3888 Contuebitur
1270 3841 1417 3900 visionem,
1432 3852 1505 3904 quae

180 3929 251 3978 risio
261 3927 395 3977 consistet
410 3927 498 3990 forma
514 3929 608 3990 laice,
625 3930 764 3993 corporali
785 3929 878 3992 aliqua
897 3930 1006 3992 specie,
1023 3929 1103 3978 culus
1122 3931 1216 3976 tamen
1235 3929 1388 3979 secundum
1403 3929 1455 3978 Ex.
1473 3929 1504 3978 33

181 4027 272 4079 neque
285 4014 382 4080 [actem
396 4017 526 4068 distincte
538 4018 714 4068 contuebitur
733 4018 855 4080 Moyses.
871 4017 947 4067 Talis
969 4018 1037 4066 risio
1055 4016 1172 4079 formae,
1190 4013 1255 4064 licet
1269 4017 1306 4065 sit
1321 4017 1504 4079 incompleta,

182 4117 237 4154 non
253 4107 295 4154 est
310 4105 435 4169 ciclopes
445 4107 619 4168 eeniqmcta:
631 4120 688 4158 non
703 4109 777 4158 enim
788 4108 918 4168 aenigma
928 4105 1043 4170 aliquod
1055 4105 1167 4166 Moyses
1182 4107 1339 4163 contuetur,
1352 4105 1391 4153 uti
1407 4105 1507 4154 rubum

181 4191 327 4242 ardentem
340 4193 391 4242 Ex.
408 4193 464 4254 3,3‚
480 4194 531 4245 sed
552 4197 641 4259 ipsam
661 4195 747 4246 lehre
770 4195 897 4245 iormam.
914 4195 990 4245 Loco
1005 4209 1031 4243 ν.
1047 4193 1061 4242 8
1077 4199 1178 4253 numi
1192 4191 1309 4258 (Moror.)
1322 4192 1420 4254 legunt
1433 4195 1505 4242 Seni.

182 4283 246 4332 lli
261 4281 357 4331 chald.
374 4283 438 4344 Syr.
450 4288 478 4334 et
491 4283 602 4333 codices
615 4283 730 4335 hebraei
742 4285 836 4348 plures
850 4291 974 4344 mrim,
995 4283 1069 4346 Vutq.
1082 4284 1202 4335 tortasse
1212 4285 1344 4340 tittlmi,
1356 4287 1380 4329 et
1390 4281 1483 4344 palam
1500 4297 1507 4332 :

181 4375 263 4430 nota,
280 4383 365 4434 qnam
380 4369 462 4422 facile
476 4385 492 4422 e
506 4373 691 4434 praecedente
711 4386 780 4424 voee
794 4379 826 4428 l:
841 4374 943 4437 copula
964 4372 1106 4424 eliormari
1128 4370 1260 4437 potuerit.
1278 4367 1385 4419 Sensus
1411 4377 1507 4422 manet

181 4457 404 4510 substantialiter
418 4458 492 4510 idem
507 4473 512 4508 :
529 4461 560 4510 in
573 4462 689 4522 visione,
702 4463 746 4512 red
762 4475 829 4524 quae
844 4476 899 4511 acc
912 4462 1008 4511 hebeat
1020 4463 1191 4524 cerripmcte,
1204 4457 1387 4518 contuebitur,
1404 4463 1433 4509 et
1444 4461 1507 4524 qui·

181 4547 244 4598 dem
260 4546 377 4610 [ermom
391 4548 481 4598 labec.
497 4533 666 4612 intelllgltur
684 4553 777 4600 autem
796 4551 866 4600 cisio
884 4550 1003 4614 quilibet
1018 4551 1164 4612 aspectus,
1182 4548 1241 4596 sire
1259 4546 1322 4610 quis
1341 4545 1435 4598 videat
1447 4561 1506 4598 rem

182 4635 226 4687 vel
239 4647 391 4699 personam
406 4638 434 4685 in
449 4638 510 4688 eius
521 4639 636 4701 propria
652 4638 755 4698 torma,
772 4641 830 4689 sive
846 4641 874 4688 lu
893 4640 1066 4701 aenigmate,
1084 4639 1113 4686 in
1130 4636 1257 4699 symbolo
1276 4633 1382 4698 aliquo.
1399 4635 1440 4685 Ex
1455 4648 1504 4696 ec,

183 4725 257 4790 quod
272 4723 362 4786 Moysi
375 4727 404 4774 in
420 4727 596 4789 oppositione
607 4726 642 4777 ad
657 4727 727 4777 alios
741 4728 804 4777 illos
818 4728 971 4796 prophetas
981 4727 1119 4776 tribuatur
1131 4725 1211 4784 virio,
1227 4723 1339 4773 sednon
1353 4738 1401 4788 per
1414 4725 1504 4786 certiq-

184 4823 270 4872 mcre,
293 4813 394 4864 merito
412 4815 587 4865 concluditur
601 4827 677 4874 eam,
703 4827 775 4879 quae
790 4817 846 4866 illis
866 4815 1011 4880 prophetis
1031 4815 1244 4874 concedebatur,
1267 4814 1351 4864 inisse
1373 4813 1503 4862 sirionem
