3522 5410
167 343 190 436 μ’
265 356 308 416 34
445 366 449 379 ’
692 371 1165 416 acras1uanrcarosramorn.

168 524 169 528 ’
268 518 300 572 et
323 528 444 595 supro,
461 527 520 572 sea
539 503 654 571 millio
671 504 811 571 discenti
825 495 857 571 b.
875 530 908 572 v.
931 512 973 571 35
997 530 1014 568 u
1035 505 1195 595 Princeps
1213 526 1331 570 eorum
1345 504 1476 582 Suriel,
1491 505 1589 594 filius

142 607 162 694 J*
174 626 185 673 φ
267 610 448 696 Attiani·
461 614 497 677 in
514 611 626 701 plupo
639 610 899 701 septentrionali
918 613 1249 679 castrametabuntur
1270 637 1300 677 a,
1320 634 1351 677 v.
1371 617 1412 676 36
1439 638 1455 671 a
1478 612 1589 688 Erunt

97 700 134 816 Ξ
158 744 199 790 ⁶„
267 721 329 785 sub
359 717 517 785 custodia
538 740 654 784 eorum
677 718 813 784 tabrrlae
847 717 1060 785 tabernaculi
1083 730 1116 784 et
1138 730 1260 799 nectes,
1290 730 1322 783 at
1347 716 1527 784 colummae
1548 741 1588 784 ac

99 822 140 909 5522-
165 882 168 884 v
267 828 359 892 boses
373 846 491 892 earnem
506 836 539 890 et
554 823 688 904 omnio,
702 847 792 914 puae
807 824 854 891 od
867 825 999 891 cultum
1011 823 1247 890 leuiuseemoeli
1258 824 1435 914 pertinent
1446 852 1477 909 a,
1499 838 1587 891 —et

266 932 376 999 arianis
389 954 469 998 usus
484 931 573 1015 eius,
589 933 684 998 Sam.
708 934 799 997 LXX
817 953 933 998 eorum
953 954 965 997 .·
986 930 1206 1021 exspectabas
1225 931 1315 997 hanc
1334 931 1583 1020 expressionem

169 1070 173 1078 ·
264 1037 578 1105 h.l.inserendam
595 1044 722 1127 postv.
745 1045 786 1105 37
815 1038 871 1127 (ci.
894 1061 927 1104 v.
954 1044 1009 1104 26.
1028 1038 1084 1126 31)
1107 1060 1202 1104 -ν,
1232 1044 1273 1103 37
1301 1036 1587 1128 «columnaeque

37 1130 138 1211 aar*
265 1145 348 1212 atrii
360 1168 423 1233 per
438 1144 619 1212 circuitum
636 1167 714 1211 eitra
727 1143 962 1226 basilicarum,
980 1157 1013 1210 et
1024 1144 1154 1234 pusilli
1172 1166 1250 1210 cirin
1260 1144 1405 1232 [unibus
1422 1172 1451 1210 n.

309 1257 571 1320 sacranorasr.
590 1257 644 1318 38.
664 1290 707 1299 -
726 1274 759 1316 v.
782 1258 857 1318 38«
878 1252 1219 1318 Castrametobuntur
1232 1263 1312 1316 ante
1328 1251 1586 1317 tabernaculam

262 1357 432 1448 foederis,
456 1357 495 1424 ta
516 1371 565 1424 est
585 1356 633 1424 acl
656 1357 855 1424 orientalem
871 1358 1035 1448 plepem,
1059 1361 1193 1446 Moyses
1213 1370 1245 1423 et
1264 1359 1382 1425 Aaron
1407 1380 1485 1423 crim
1500 1355 1586 1446 filiis

263 1465 350 1551 suis,
380 1464 541 1532 babentes
564 1463 756 1531 erestocliam
780 1464 973 1532 sanctuarii
1007 1491 1022 1525 n
1050 1465 1159 1553 (Sam.
1177 1479 1269 1557 arpa
1285 1486 1349 1553 pro
1364 1465 1475 1556 ripn)
1505 1490 1521 1525 «
1548 1463 1585 1529 in

263 1572 376 1638 merliu
398 1571 552 1661 filiorum
576 1570 683 1638 lsrael
701 1599 731 1638 n.
758 1573 859 1637 Helr.
887 1593 901 1637 .·
918 1584 1059 1660 praeter
1078 1569 1270 1637 custodiam
1286 1569 1441 1660 liliorum
1465 1570 1582 1637 Israel.

262 1682 346 1744 Cum
366 1678 491 1745 levitae
516 1678 554 1744 in
576 1677 688 1745 locum
706 1678 1017 1767 primogenitorum
1042 1678 1144 1743 totius
1164 1676 1296 1744 Israelis
1316 1677 1581 1758 subintrassent,

262 1806 380 1851 eorum
402 1784 556 1851 custodia
575 1790 648 1851 erat
670 1782 825 1850 custodia
842 1783 999 1871 filiorum
1024 1783 1177 1868 Israelis,
1200 1783 1466 1850 custodientium
1490 1806 1585 1850 sanc-

260 1890 412 1959 tuarium
434 1891 540 1957 veluti
567 1913 629 1980 per
657 1889 848 1957 custodiam
874 1889 1186 1978 primogenitorum
1210 1911 1362 1957 snorum.
1386 1890 1585 1957 Sacerdotes

260 2019 341 2064 vero
355 1997 590 2064 custodiebant
611 1996 846 2063 sanctuarium
860 2018 930 2062 non
949 2003 1125 2085 tamquam
1141 1995 1296 2063 custodes
1314 2019 1334 2062 a
1353 1997 1481 2086 populo
1504 1997 1584 2063 suh-

261 2103 457 2185 ministrati,
473 2104 729 2193 sedtamqnam
747 2102 936 2170 sacerdotes
958 2125 978 2168 a
997 2108 1064 2169 Deo
1084 2102 1183 2169 electi
1198 2102 1253 2191 (cf.
1271 2126 1303 2169 v.
1327 2104 1394 2191 10).
1414 2105 1513 2187 Hinc,
1531 2103 1581 2169 uti

261 2233 292 2276 v.
317 2218 374 2294 10,
395 2209 533 2278 additur
554 2230 561 2276 :
584 2239 599 2271 ‹<
623 2210 783 2300 quisquis
796 2208 932 2276 alienus
947 2237 979 2296 u,
1003 2231 1074 2276 non
1086 2210 1253 2293 aaronita,
1275 2238 1290 2270 «
1304 2210 1492 2292 accesserit,
1508 2234 1581 2276 mo-

260 2316 369 2383 rietur
385 2347 415 2385 a.

221 2467 225 2479 ·
303 2449 336 2491 v.
354 2432 395 2493 39
411 2446 581 2491 summam
593 2423 696 2490 tradit
709 2423 863 2490 omnium
877 2423 1086 2504 navitarum
1100 2422 1249 2512 demptis
1259 2423 1450 2491 aaronitis:
1471 2452 1486 2482 u
1503 2426 1580 2490 Onc-

260 2553 317 2597 ues
337 2530 477 2612 levitae,
502 2554 586 2619 quos
607 2541 875 2596 arurteraverunt
895 2532 1027 2617 Moyses
1050 2542 1082 2594 et
1105 2532 1222 2595 Aaron
1242 2530 1342 2595 irrata
1357 2541 1579 2620 praeceptum

260 2636 414 2719 Domini,
432 2659 494 2726 per
504 2637 662 2724 familias
682 2659 763 2702 seros
783 2635 820 2701 in
836 2659 960 2725 penore
977 2635 1187 2717 rreosculino,
1203 2659 1225 2702 a
1249 2657 1361 2702 ruense
1381 2659 1449 2703 atrro
1472 2650 1504 2702 et
1523 2659 1580 2702 su-

253 2766 321 2832 pra
329 2794 339 2828 ,
352 2746 500 2832 secernant
514 2742 644 2831 eipinti
656 2742 724 2808 (ltro
739 2741 853 2808 millia
870 2770 900 2808 a.

294 2918 326 2966 In
341 2917 394 2966 bae
411 2929 520 2966 summa
533 2929 589 2965 non
610 2919 847 2965 connumerantur
866 2916 1014 2964 sacerdotes
1033 2929 1041 2963 :
1061 2926 1099 2964 sc.
1116 2927 1173 2965 non
1191 2915 1259 2977 ipsi,
1276 2914 1326 2965 sed
1342 2916 1395 2964 soii
1409 2913 1511 2965 levitae
1526 2928 1581 2964 non

257 3005 417 3057 sacerdotes
434 3006 607 3069 accipiuntur
626 3016 677 3067 pro
691 3004 884 3067 redemptione
897 3004 1150 3066 primogenitorum
1167 3003 1287 3054 aliarum
1302 3004 1434 3053 tribuum.
1452 3003 1582 3054 Ceterum

258 3110 284 3145 v.
298 3095 341 3145 22.
352 3095 396 3145 28.
409 3094 442 3144 31
462 3106 588 3144 summae
605 3093 696 3153 asoa,
710 3092 802 3144 3600.
815 3091 896 3142 6200
916 3092 1029 3143 additae
1051 3105 1108 3142 non
1130 3091 1256 3142 efficiunt
1273 3092 1371 3142 22000
1397 3092 1448 3142 sed
1465 3093 1579 3150 22.300;

258 3197 330 3248 qnae
338 3184 539 3247 summaplane
553 3183 644 3231 irritat
656 3186 819 3244 computum
831 3194 858 3230 v,
869 3180 902 3230 46
916 3194 990 3245 sqq..
1003 3181 1051 3244 qui
1060 3183 1194 3244 supponit
1200 3179 1301 3231 levitas
1308 3183 1456 3244 pauciores
1464 3193 1581 3232 numero

257 3271 344 3324 inisse
358 3273 567 3336 primogenitis,
585 3271 650 3320 dnm
663 3283 772 3321 summa
784 3270 884 3320 22300
900 3283 949 3321 eos
963 3268 1179 3320 exhibet⁰iuisse
1193 3270 1297 3334 plnres.
1316 3269 1492 3333 Suggerebat
1506 3273 1580 3333 tur„

257 3375 353 3413 eornm
374 3361 473 3412 22300
488 3362 628 3410 trecentos
643 3358 730 3408 inisse
742 3360 944 3422 primogenitos
960 3371 967 3407 :
982 3359 1035 3407 hos
1050 3359 1140 3408 Deum
1155 3359 1208 3407 sibi
1221 3361 1365 3422 tamquam
1377 3360 1581 3422 primogenitos

256 3451 428 3508 vindicasse,
441 3462 497 3498 non
510 3462 577 3499 vero
592 3455 735 3511 tamquam
750 3447 971 3510 redemptionem
982 3447 1101 3496 aliorum
1116 3447 1376 3510 primogenitorum.
1389 3447 1494 3497 Tamen
1505 3448 1580 3497 Deus

257 3539 357 3588 iterato
371 3537 491 3587 aiiirmat
510 3551 540 3588 se
554 3538 654 3587 levitas
673 3539 851 3600 accepturum
864 3549 927 3586 esse
941 3537 1084 3598 tamquam
1100 3536 1334 3602 redemptionem,
1352 3537 1429 3586 nulla
1443 3538 1580 3600 primoge-

257 3631 378 3677 nitorum
394 3631 422 3677 et
436 3640 492 3676 non
511 3626 761 3693 primogenitorum
775 3624 849 3675 iacta
862 3624 1053 3684 distinctione;
1072 3638 1099 3676 v.
1117 3624 1150 3674 39
1163 3624 1310 3692 profitetur
1322 3639 1353 3676 se
1367 3638 1505 3676 summam
1521 3632 1578 3675 tra-

257 3716 323 3766 dere
338 3717 455 3765 omntum
471 3716 633 3775 levitarum,
655 3714 711 3763 imo
730 3713 809 3762 itebr.
830 3713 915 3763 habet
933 3715 1051 3762 omnium
1066 3719 1267 3762 numeratorum
1283 3714 1427 3765 leniturum
1442 3728 1450 3764 :
1466 3716 1579 3766 nomine

255 3813 456 3854 venumeratorum
471 3805 554 3855 Num.
574 3804 584 3853 1
602 3815 644 3866 sq.
661 3802 857 3865 intelliguntur
872 3803 1010 3862 universi,
1028 3803 1087 3852 sire
1106 3803 1288 3866 primogeniti
1301 3802 1404 3852 inerint
1419 3805 1478 3852 sive
1497 3817 1554 3852 non
1571 3814 1577 3850 :

255 3909 303 3946 cnr
317 3909 374 3945 non
395 3894 493 3945 eodem
512 3905 598 3943 sensu
617 3891 789 3954 intelligatur
804 3891 902 3941 eadem
922 3903 976 3940 vox
997 3889 1077 3950 1391
1094 3891 1227 3954 suggerit
1244 3892 1414 3954 Houbipant,
1431 3905 1457 3940 v.
1476 3892 1508 3941 28
1529 3904 1579 3956 pro

253 3990 310 4040 mni
323 3983 475 4048 legendnm
489 3962 578 4042 12?be
590 3993 658 4044 ergo
674 3980 764 4030 8300.
780 3978 909 4030 Proiecto
922 3979 1003 4030 7.500
1017 3979 1048 4041 i—
1063 3979 1144 4030 8300
1161 3980 1193 4040 t—
1205 3979 1286 4030 6200
1296 4000 1331 4022 =
1344 3979 1452 4029 22000.
1470 3981 1502 4030 Ei
1516 3993 1579 4030 con·

254 4077 377 4125 ieetnrae
396 4087 432 4123 ne
446 4072 640 4123 assentiamur.
655 4069 783 4134 sequenti
799 4080 944 4118 movemur
958 4068 1077 4118 ratione.
1093 4067 1224 4118 Summae
1243 4068 1298 4118 hae
1313 4081 1418 4129 omnes
1436 4070 1478 4119 uti
1493 4071 1578 4120 etiam

254 4177 380 4214 summae
405 4161 504 4213 22300
528 4162 557 4210 et
581 4158 682 4224 (2062)
707 4157 805 4208 23000
830 4158 895 4205 sunt
919 4157 1049 4205 rotundae
1070 4157 1191 4219 suntque
1215 4158 1330 4206 omnino
1354 4158 1577 4224 aequiparandae

252 4255 370 4304 summis
386 4252 508 4300 tribuum
523 4250 608 4299 Num.
628 4248 637 4297 i
654 4261 696 4311 sq.
712 4247 760 4305 20,
774 4257 847 4309 quac
861 4246 929 4295 item
941 4251 1006 4294 sunt
1021 4245 1168 4294 rotundae.
1185 4245 1269 4308 Atqui
1284 4247 1429 4310 utriusque
1446 4260 1579 4297 nnnrcra-

253 4344 338 4394 tionis
353 4352 476 4391 summas
491 4350 590 4388 onmes
604 4339 631 4387 et
651 4337 777 4399 singulas
801 4347 858 4383 nou
879 4332 965 4383 inisse
989 4333 1137 4392 rotundae,
1155 4334 1182 4382 et
1202 4346 1252 4397 per
1267 4348 1298 4385 se
1312 4340 1404 4399 patet,
1424 4338 1453 4385 ot
1474 4337 1577 4386 invicto

252 4433 386 4497 probatur
401 4440 510 4478 summa
527 4426 625 4476 22273
642 4422 738 4489 (bit),
758 4435 830 4487 qnae
848 4435 904 4471 non
923 4427 965 4472 est
985 4420 1102 4471 rotunda
1123 4421 1173 4472 sed
1192 4422 1255 4473 ideo
1276 4424 1493 4485 describebatur,
1512 4426 1577 4488 qnia

252 4535 334 4573 scens
349 4519 494 4585 computus
506 4515 543 4564 ib.
558 4518 633 4564 esset
644 4512 790 4564 evidenter
805 4511 902 4560 falsus.
920 4510 1029 4561 Censeo
1043 4511 1129 4572 igitur
1143 4516 1304 4575 computum
1315 4514 1393 4562 iilum
1409 4525 1469 4561 esse
1483 4515 1577 4575 genni-

253 4625 333 4670 num,
350 4617 497 4658 numerum
514 4604 762 4668 primogenitorum
778 4612 878 4650 revera
894 4598 943 4648 273
960 4600 1114 4649 excessisse
1129 4613 1276 4651 nnmerum
1296 4603 1456 4661 levitarum,
1473 4615 1576 4665 pensos

252 4715 314 4751 esso
329 4695 520 4749 reverasiclos
538 4693 616 4743 1365
632 4705 638 4740 :
654 4692 725 4742 haec
738 4688 863 4754 proiecto
877 4700 928 4750 pro
943 4689 1073 4751 genuinis
1087 4691 1203 4754 accipio,
1220 4703 1353 4740 numeros
1368 4702 1435 4740 vero
1450 4691 1514 4741 iilos
1525 4705 1576 4758 pro

252 4790 357 4848 dubiis;
372 4785 518 4850 dequibus
531 4782 565 4833 oi.
581 4794 653 4844 qnae
664 4780 789 4830 dicentur
802 4777 836 4828 de
846 4778 970 4828 numeris
984 4777 1186 4829 Hebraeorum.
1202 4777 1312 4841 Reapse
1322 4782 1431 4830 numeri
1447 4782 1475 4829 in
1488 4783 1574 4831 sacris
