3538 5404
691 419 765 462 uun.
789 401 861 471 5,18
883 417 944 470 seo.
1439 405 1478 462 te

157 557 227 620 legit
243 561 381 621 annunti,
397 554 472 620 quod
486 556 577 618 potest
592 558 679 620 accipi
693 569 744 618 pro
758 555 905 620 participio
920 555 1025 620 hophal
1043 556 1121 606 verbi
1135 563 1206 622 i'iit,
1222 569 1290 620 ergo
1310 556 1476 606 maledictae.

160 651 302 702 diliana
314 643 402 711 (liebr.
411 646 484 694 Sam.
495 644 591 694 chald.
606 643 691 711 Vella.)
703 647 746 694 est
756 645 881 695 eiusdem
891 644 968 694 verbi
976 646 1152 707 participium
1161 646 1227 708 piel,
1241 645 1424 695 maledicentes
1437 643 1476 712 (t).

160 733 216 784 Sed
231 736 293 796 Sps.
307 739 391 790 uiti:
403 738 431 784 et
446 735 508 782 ΠΧ
520 733 564 783 τοῦ
579 727 687 801 ἐλεγμοΰ
702 746 754 784 nos
768 735 901 784 revocant
910 733 945 782 ad
959 739 1108 792 nt't'tztliii,
1121 741 1286 798 separantes,
1297 742 1476 798 seprepantes,

159 825 343 888 parificantes.
360 821 532 874 Crediderim
544 824 697 886 genuinam
711 824 860 873 lectionem
875 835 937 872 esse
953 827 1092 879 clausisti
1106 827 1230 880 nilum
1243 829 1290 884 tn,
1303 837 1387 886 aqieae
1398 823 1479 872 male-

160 911 248 962 dictae
263 913 424 962 iudicantes.
441 912 518 962 Nihil
532 917 576 962 est
590 913 617 960 in
634 916 725 972 textu,
742 924 798 976 quo
813 923 1003 975 supponamus
1016 911 1189 962 sacerdotem
1204 913 1267 962 aliis
1281 915 1377 973 antea,
1395 925 1479 976 quam

159 1015 190 1055 v.
210 1001 241 1050 le
257 1013 331 1065 sqq,
346 1001 438 1052 verbis
453 1002 481 1050 in
496 1001 574 1050 illam
587 1013 688 1064 equam
703 1000 852 1050 maledicta
866 1001 1051 1062 congessisse.

205 1225 238 1269 v.
262 1210 302 1270 19
329 1231 345 1264 a
367 1195 620 1292 'Adiurabitpue
639 1225 714 1270 eam
736 1214 768 1268 ct
789 1202 904 1268 dicet:
923 1203 963 1270 Si
986 1225 1055 1269 nore
1076 1201 1240 1268 dormivit
1255 1203 1307 1268 air
1320 1202 1478 1290 [alienus]

169 1321 278 1375 lecum
303 1309 387 1375 etsi
410 1331 479 1375 non
494 1309 634 1399 polluta
656 1331 690 1376 es
716 1307 845 1376 deserto
868 1308 987 1375 mariti
1010 1309 1149 1396 [tloro],
1171 1331 1241 1374 nore
1260 1321 1291 1390 te
1313 1313 1481 1376 nocebunt

166 1435 278 1504 aquae
300 1416 385 1482 istac
406 1415 659 1496 maturissimae,
685 1415 735 1502 lin
756 1416 854 1504 quas]
879 1415 1063 1482 maledicta
1087 1416 1264 1504 [conpesci]
1293 1444 1321 1480 ».
1343 1419 1444 1482 Hebe.
1466 1439 1480 1482 .·

165 1521 337 1612 impunita
361 1522 443 1606 eris,
467 1523 526 1588 vel
546 1522 609 1604 sis,
627 1521 668 1587 de
689 1522 786 1610 aquis
811 1521 883 1588 istis
899 1521 1090 1588 maledictis
1110 1521 1356 1590 iudicantibus.
1382 1545 1414 1588 v.
1438 1529 1480 1588 20

164 1631 207 1695 m
231 1641 284 1716 tn,
313 1657 329 1689 «
357 1629 412 1694 sin
435 1641 553 1695 aretem
577 1628 758 1695 declinasti
784 1656 817 1712 n,
845 1629 1024 1696 luxuriata
1050 1652 1083 1695 es
1112 1655 1128 1690 «
1158 1652 1180 1694 a
1201 1628 1274 1694 viro
1299 1642 1356 1695 tuo
1378 1641 1481 1719 atque

161 1734 304 1824 polluta
321 1757 369 1818 es,
389 1749 421 1801 et
435 1735 647 1802 coneribuisti
661 1757 738 1800 cum
754 1735 861 1802 altero
875 1736 948 1802 ciro
967 1761 1001 1816 a,
1016 1758 1050 1802 v.
1066 1741 1105 1800 21
1125 1761 1142 1797 u
1156 1735 1209 1801 lis
1227 1735 1481 1802 maledictioni-

164 1843 224 1908 bus
239 1841 426 1908 seediacebis
441 1869 457 1903 a
473 1861 480 1908 :
498 1880 542 1891 -
556 1841 741 1908 solemnius
752 1843 852 1908 Hedr.
870 1863 882 1907 .·
898 1853 931 1907 et
942 1841 1117 1908 adiuradit
1130 1840 1287 1908 sacerdos
1301 1842 1481 1910 mulierem

164 1947 358 2014 iuramento
376 1947 634 2034 ecsccrationis,
655 1961 686 2014 ct
705 1947 793 2015 dicet
811 1946 968 2015 sacerdos
989 1947 1037 2016 ad
1050 1947 1228 2015 mulierem
1245 1971 1256 2015 .·
1271 1987 1316 1999 -
1331 1977 1347 2010 a
1368 1951 1431 2015 llet
1451 1961 1482 2014 te

166 2054 332 2121 Dominus
347 2054 384 2121 in
406 2053 682 2122 maledictionem
702 2055 962 2144 exemplumque
976 2067 1175 2121 cunctorum
1194 2054 1231 2120 in
1243 2056 1371 2144 populo
1387 2079 1446 2122 seeo
1464 2083 1479 2116 s

164 2161 345 2250 -reliqui
365 2173 433 2227 tuo.
460 2189 476 2224 e
497 2165 691 2228 Putrescerc
703 2160 816 2250 saciat
825 2165 944 2250 femur
960 2173 1070 2244 tuum,
1086 2173 1119 2228 et
1132 2174 1263 2227 tumens
1275 2173 1390 2228 uterus
1404 2175 1483 2228 tutes

169 2267 429 2357 [disrumpatur]
446 2297 476 2334 a.
495 2267 568 2335 Fies
586 2267 623 2333 in
637 2269 867 2334 iuramentum
883 2271 916 2332 et
931 2267 1195 2334 exsecrationem
1210 2267 1274 2350 ita,
1293 2269 1405 2357 utqui
1423 2291 1484 2335 vo-

165 2374 270 2440 luerit
281 2375 388 2440 alium
401 2373 553 2464 aliquem
566 2374 732 2440 exsecrari
747 2373 839 2440 dieat
854 2394 861 2439 :
882 2401 897 2434 a
913 2375 1023 2441 Faciat
1036 2373 1100 2440 tibi
1115 2373 1290 2458 DominuS,
1309 2373 1395 2441 sicut
1405 2375 1486 2440 lecit

166 2481 231 2547 lali
245 2481 414 2548 mulieri»
438 2481 571 2568 (Tost.).
594 2503 626 2546 v.
644 2487 687 2546 22
707 2507 723 2541 a
745 2479 991 2570 Inprediantur
1005 2503 1116 2571 cquae
1133 2479 1338 2548 maledictae
1353 2481 1391 2547 in
1408 2504 1485 2548 ercn-

168 2599 253 2654 trcm
274 2600 372 2654 tutem
386 2599 418 2654 et
438 2600 532 2654 utero
549 2599 751 2654 tremescente
767 2600 946 2676 putrescat
967 2590 1093 2676 femur.
1116 2589 1161 2654 Et
1182 2586 1395 2678 respondebit
1410 2610 1485 2654 met-

169 2691 232 2759 lier
247 2715 259 2760 :
272 2699 394 2776 Amen,
411 2717 511 2761 amen
528 2722 558 2761 ».

202 2883 255 2964 Hm
271 2904 347 2954 certe
359 2911 470 2954 nonest
484 2911 647 2968 putrescere,
663 2903 713 2954 sed
725 2903 870 2953 concidere.
884 2897 969 2960 Ἀπαξ
982 2901 1119 2970 λεγόμενον
1135 2910 1197 2959 ,Ἦ
1212 2907 1296 2954 etiam
1309 2906 1372 2953 LXX
1389 2905 1485 2955 Chald.

167 2993 282 3042 vertuni
296 2999 446 3043 tumescere.
463 2993 589 3044 Gratuita
603 2993 655 3042 los.
673 2993 737 3043 Ant.
752 2992 801 3042 ΙΙΙ.
822 2993 863 3042 ti.
876 2992 891 3041 6
911 2991 1044 3042 adscribit
1061 3007 1072 3040 s
1089 2995 1223 3042 moriatur
1239 3009 1251 3040 r
1270 2993 1318 3043 :id
1333 3007 1390 3042 non
1405 2995 1488 3043 estin

168 3083 259 3131 textu.
274 3080 296 3132 1.
314 3081 344 3130 i).
363 3081 501 3131 Michaelis
517 3083 538 3131 l.
554 3095 578 3131 c.
592 3095 621 3146 p.
639 3081 690 3130 273
710 3087 807 3131 censet
826 3079 944 3130 describi
963 3085 1150 3144 symptomata
1167 3081 1270 3142 morbi,
1288 3083 1335 3144 qui
1355 3081 1488 3144 hydropis

168 3171 259 3220 orarii
273 3171 360 3221 audit.
377 3169 477 3220 Melius
487 3183 548 3236 cum
561 3171 653 3234 Bonsr.
667 3171 797 3219 sistemus
810 3170 839 3218 in
849 3182 935 3219 sensu
945 3171 1059 3218 omuino
1071 3169 1197 3232 generali
1211 3183 1217 3217 :
1234 3185 1246 3216 r
1260 3171 1291 3220 ul
1301 3183 1339 3219 sc.
1356 3181 1406 3234 per
1416 3182 1487 3232 quae

169 3261 233 3321 ipsa
247 3262 387 3322 peccarit,
402 3261 463 3322 ipsa
478 3263 505 3310 et
517 3261 649 3322 puniatur
665 3275 688 3306 r.
706 3257 740 3307 Et
760 3257 852 3321 placet
866 3257 953 3320 lemur
967 3259 1052 3308 etiarn
1067 3262 1095 3308 et
1114 3265 1232 3318 aeterum,
1249 3259 1315 3308 licet
1331 3258 1488 3308 anatomice

170 3359 226 3396 non
241 3349 297 3398 sint
311 3347 395 3412 plane
410 3348 498 3408 idem,
516 3348 572 3399 tere
587 3349 713 3410 accipere
727 3359 778 3409 pro
793 3348 955 3408 synonymis
972 3360 978 3394 :
995 3347 1127 3410 puniatur
1140 3346 1241 3397 mulier
1258 3348 1287 3396 in
1302 3345 1486 3410 genitalibus,

170 3435 225 3486 illis
237 3438 298 3487 sive
313 3437 533 3500 deponentibus,
550 3437 609 3487 slve
624 3433 851 3486 tumescentibus.

216 3641 366 3726 Sequens
379 3659 442 3704 vox
458 3637 574 3727 prodit
587 3641 680 3703 certe
695 3640 862 3702 Aaronem
878 3637 1019 3724 eiusque
1033 3635 1119 3704 duos
1130 3637 1216 3704 tilios
1233 3637 1387 3705 calluisse
1404 3637 1488 3705 scri-

171 3741 278 3809 bendi
294 3749 418 3826 erlem,
436 3765 583 3833 eamque
596 3743 757 3810 docturos
774 3741 877 3808 tuisse
893 3742 980 3808 filios
994 3765 1083 3810 suos.
1105 3748 1192 3822 Imo,
1208 3743 1236 3810 si
1251 3767 1290 3811 ea
1306 3746 1407 3811 etiem
1425 3767 1488 3809 vox

170 3855 384 3938 supponetur
403 3855 482 3917 ente
501 3855 633 3937 Moysen
655 3849 760 3915 textui
782 3847 870 3935 legis
889 3849 1048 3931 infuisse,
1072 3851 1189 3940 prodit
1203 3849 1392 3918 sacerdotes
1405 3850 1488 3916 item

172 3956 421 4045 praemosaicas
435 3979 504 4023 non
519 3957 621 4023 inisse
631 3957 703 4022 eius
713 3955 795 4022 artis
807 3955 959 4041 ignaros.
978 3955 1179 4024 Scribebant
1191 3957 1263 4023 siae
1274 3956 1379 4023 dubio
1393 3977 1488 4022 more

174 4061 436 4150 Aegyptiorum,
455 4063 586 4129 calamo
598 4067 632 4129 et
645 4066 834 4128 atramento
846 4061 884 4127 in
898 4062 1023 4151 papyri
1035 4061 1129 4130 lolio.
1147 4085 1180 4128 v.
1196 4069 1237 4128 23
1256 4089 1272 4124 a
1290 4060 1489 4150 Scribetpuc

173 4167 328 4234 sacerdos
344 4169 381 4234 in
398 4167 512 4236 libello
530 4197 546 4230 a
554 4222 564 4254 ‚
581 4169 618 4235 in
633 4167 796 4236 schedula
814 4197 829 4230 e
846 4169 913 4233 ista
925 4167 1126 4254 maledicta,
1145 4181 1178 4235 et
1193 4165 1315 4234 delebit
1331 4191 1371 4235 ea
1386 4167 1489 4257 aquis

174 4274 401 4342 amarissimis
416 4303 431 4336 n
441 4329 451 4361 ,
473 4275 624 4365 decerpet
639 4275 676 4342 in
697 4297 805 4364 aquas
819 4275 1024 4364 scripturam
1042 4273 1198 4341 nondum
1219 4274 1395 4358 siccatam,
1416 4301 1432 4336 a
1453 4274 1490 4341 in

174 4403 259 4470 quas
274 4381 459 4450 maledicta
478 4383 648 4473 conpassit
663 4410 693 4448 s.
714 4381 772 4448 llic
787 4380 890 4447 etiem
905 4383 999 4448 Sam.
1017 4369 1115 4446 atini
1133 4381 1214 4469 (non
1231 4369 1386 4472 casm),
1402 4405 1489 4470 ergo

172 4487 210 4553 in
225 4487 475 4555 amaritudines
491 4511 504 4555 .·
524 4511 592 4555 non
604 4495 643 4555 ut
656 4510 767 4578 aquae
786 4509 826 4554 ex
844 4488 909 4554 hac
925 4489 1049 4574 exigua
1063 4485 1273 4555 admixtione
1291 4489 1375 4556 fiant
1395 4511 1489 4556 ama-

172 4615 247 4676 rae,
264 4593 325 4660 sed
344 4601 385 4660 ut
404 4617 536 4679 amare,
559 4595 680 4662 acerbe
696 4599 880 4683 torqueant
903 4593 1100 4677 mulierem,
1127 4595 1153 4658 si
1173 4607 1233 4660 rea
1251 4596 1295 4661 sit
1312 4595 1487 4662 adulterii.

172 4703 324 4768 Fortasse
339 4724 377 4768 ex
390 4702 455 4770 hac
467 4723 548 4768 voce
559 4701 615 4768 hic
630 4706 663 4767 et
682 4723 713 4766 v.
729 4707 770 4765 27
787 4701 945 4766 ellectum
964 4705 1030 4782 est,
1047 4704 1086 4764 ut
1099 4721 1131 4766 v.
1152 4705 1192 4767 18
1208 4723 1285 4791 sqq.
1304 4723 1367 4768 vox
1383 4715 1489 4765 citum

172 4803 436 4894 defiguraretur.
459 4831 490 4874 v.
509 4813 551 4875 il
573 4836 589 4870 ι(
613 4807 658 4872 Et
673 4805 767 4873 dabit
782 4805 815 4872 ci
829 4805 950 4872 bibere.
975 4808 1066 4888 Quas
1081 4827 1159 4872 ecem
1180 4807 1426 4892 exhauserit»,
1448 4845 1491 4856 -

588 4935 763 4975 susannense.
781 4947 812 4956 -
827 4933 855 4970 ru
870 4933 995 4971 uesanos.
1013 4948 1044 4957 —
1060 4926 1074 4971 t
