3550 5424
702 423 779 468 unu.
804 408 896 476 earo
917 423 981 476 soe.
1445 409 1499 468 ⁶281

176 559 318 622 mortem
333 553 466 644 populi,
485 554 567 644 qnia
584 556 734 645 populus
751 579 821 622 uon
835 555 998 640 moritur;
1018 578 1130 645 neque
1144 555 1358 644 singulorum
1377 558 1501 646 (Vct),

175 660 255 750 quia
275 660 318 727 de
333 660 480 747 singulis
494 683 565 728 non
579 667 629 728 est
642 685 764 743 sermo,
780 684 892 752 neque
907 661 1037 748 singuli
1052 683 1174 728 omnes
1187 669 1258 729 tam
1273 664 1374 731 beata
1394 669 1504 730 morto

176 772 255 836 sunt
270 766 428 834 morituri
451 788 458 834 :
485 774 695 857 apprecatur
715 769 782 835 sibi
805 768 871 858 ipsi
895 769 1031 836 beatam
1056 773 1212 836 mortem.
1239 775 1291 853 At,
1318 769 1404 859 quid
1419 771 1503 836 haec

176 874 222 940 ad
235 875 452 941 contextum?
469 873 664 942 Subordina
680 876 775 965 prius
790 876 986 942 membrum
1004 875 1156 942 secundo
1174 897 1182 943 t
1200 879 1306 952 Quam
1322 878 1501 943 veremini
1556 943 1557 946 ,

166 977 297 1069 'expeto
316 980 452 1047 beatam
467 986 630 1061 mortem,
648 979 822 1048 bonorum
838 981 928 1048 vitae
944 982 1149 1061 maximum,
1166 987 1235 1048 tam
1249 1003 1327 1048 vere
1344 987 1408 1048 etc.
1427 987 1504 1048 Cre-

175 1086 280 1152 debat
301 1107 385 1173 ergo
406 1085 511 1153 vitam
529 1087 682 1153 futuram
699 1089 854 1170 Balaam,
877 1110 946 1179 qua
968 1086 1109 1177 dempta
1134 1088 1301 1154 iustorum
1322 1111 1416 1154 mors
1432 1091 1501 1155 lere

176 1199 226 1260 est
241 1199 349 1259 morte
368 1192 567 1282 iniquorum
580 1193 737 1260 miserior
754 1218 761 1262 :
779 1195 861 1284 qnia
877 1194 914 1260 hi
929 1193 1132 1261 fruebantur
1150 1193 1251 1262 bonis
1270 1195 1499 1274 terrestribus,

176 1298 228 1366 illi
245 1319 372 1386 magna
386 1321 425 1366 ex
442 1305 539 1388 parte
554 1299 615 1366 illa
636 1300 856 1368 abdicabant.
875 1299 1069 1367 Nouissima
1084 1322 1177 1386 mea,
1195 1315 1308 1365 totins
1320 1322 1389 1368 non
1405 1311 1502 1368 sonat

177 1405 270 1472 idem
284 1412 385 1494 atque
410 1426 502 1472 mors
518 1428 609 1486 mea,
635 1429 710 1472 cum
732 1429 829 1472 secus
853 1407 1038 1472 novissima
1058 1407 1178 1496 populi
1198 1413 1309 1473 essent
1332 1429 1425 1474 mors
1441 1431 1501 1496 po-

178 1511 262 1601 puli.
281 1516 354 1578 Non
368 1517 418 1578 est
432 1533 547 1578 semea
568 1513 673 1599 (LXX
687 1533 700 1576 .·
722 1513 765 1579 cf.
782 1520 857 1580 Am.
875 1519 948 1595 ως
968 1519 1021 1595 9,1
1037 1511 1136 1600 etc),
1154 1535 1232 1578 cum
1248 1512 1290 1579 de
1304 1515 1501 1602 posteritate

178 1617 316 1686 Balaam
334 1621 444 1685 textus
458 1619 568 1686 sileat.
586 1618 651 1685 Sed
671 1623 721 1686 est
737 1619 926 1705 generatim
939 1619 1021 1709 finis
1038 1617 1175 1708 (Chald.
1194 1617 1308 1708 Syr),
1326 1619 1350 1686 i.
1369 1642 1397 1686 e.
1422 1622 1500 1686 cirri-

179 1747 272 1791 oersa
288 1725 413 1814 [ariera
428 1747 516 1806 sors,
534 1724 617 1814 quin
631 1724 865 1812 distinguatur
878 1747 1039 1815 praesens
1049 1727 1120 1792 vita
1132 1725 1290 1794 afutura.
1310 1726 1503 1794 Clarissima

178 1833 248 1899 lata
266 1830 382 1898 Israeli
397 1836 490 1897 vates
504 1832 736 1921 praenuntiat.

223 1961 255 2005 v.
279 1944 317 2004 11
345 1964 361 1998 u
385 1926 549 2026 Dicitque
569 1937 674 2003 Baiae
692 1937 740 2004 ad
757 1937 930 2004 Balaam:
954 1935 1047 2018 Quid
1067 1949 1116 2004 cst
1130 1937 1211 2019 boc,
1238 1937 1445 2028 quodaqis?
1463 1943 1475 2002 l
1486 1943 1504 2003 't

178 2043 396 2111 irraledicercs
413 2042 564 2108 inimicis
577 2043 675 2126 meis,
694 2043 813 2109 vocavi
828 2055 877 2125 te,
896 2057 929 2110 ct
941 2056 980 2110 tu
995 2067 1013 2110 e
1029 2043 1202 2110 contrario
1217 2044 1388 2111 benedicis
1404 2045 1453 2111 eis
1472 2075 1499 2110 o.

179 2175 212 2217 v.
234 2157 273 2217 12
292 2179 306 2210 «
325 2150 386 2216 Cui
402 2148 462 2215 ille
477 2149 652 2238 respondit
670 2171 683 2214 .·
700 2151 792 2216 Num
807 2149 1056 2240 aliudpossrun
1072 2150 1187 2239 loqui,
1202 2150 1272 2216 nisi
1285 2149 1381 2240 quood
1398 2152 1503 2216 c'crssc-

182 2256 228 2323 rit
248 2255 438 2322 Dominus?
461 2284 476 2316 »
500 2259 591 2322 chr
614 2277 627 2320 .·
643 2257 778 2340 Nonne,
803 2255 979 2347 quidquid
994 2257 1146 2346 posuerit
1164 2259 1254 2322 Deus
1279 2257 1315 2322 in
1332 2279 1388 2322 ore
1409 2279 1499 2339 orco,

178 2363 241 2429 boc
260 2362 362 2429 debeo
383 2361 570 2451 diliqerrter
587 2362 705 2451 loqui?
726 2363 776 2429 Cf.
801 2368 895 2429 Beut.
920 2371 992 2445 5,6;
1012 2369 1080 2446 6,3.
1101 2364 1284 2429 Instantius
1303 2363 1427 2430 insistit
1441 2369 1501 2430 Ba-

180 2471 271 2536 laam
291 2469 477 2559 prineipio,
493 2468 587 2558 quod
609 2475 710 2549 BQBB
731 2469 972 2535 enuntiaverat
992 2489 999 2534 :
1023 2469 1150 2559 placito
1169 2468 1228 2534 Dei
1244 2469 1500 2536 adhaerendum

179 2587 309 2642 estnon
329 2575 439 2642 solum
460 2575 666 2656 universim,
687 2575 744 2642 sed
764 2575 950 2662 diligenter
970 2579 1004 2641 et
1020 2575 1135 2664 quoad
1152 2575 1303 2662 singula,
1321 2576 1418 2641 nullo
1436 2598 1502 2641 res-

180 2688 279 2774 pectu
301 2681 419 2750 habito
440 2681 543 2749 etiam
561 2683 665 2768 regis.

416 2923 448 2971 V.
465 2923 628 2970 ALTERUH
645 2922 801 2970 BALAAMI
819 2921 1031 2970 vurlclmtm
1048 2921 1131 2969 NUM.
1148 2923 1269 2983 23,1t3·‘.’6.

226 3111 310 3197 Arq.
326 3147 367 3158 -
382 3108 521 3174 Balaam
536 3108 580 3174 de
595 3129 719 3196 campo
734 3106 879 3196 Zophim
895 3107 998 3174 aliam
1018 3107 1139 3197 populi
1156 3107 1256 3173 lsrael
1275 3113 1409 3197 partem
1425 3130 1502 3173 con-

182 3215 286 3282 tuitus
312 3215 500 3304 proclamat
521 3213 559 3278 El
582 3212 859 3278 benedictionem
882 3213 990 3278 semel
1016 3211 1131 3279 datam
1158 3235 1226 3279 non
1249 3235 1425 3292 rovocare,
1444 3215 1502 3279 secl

182 3321 396 3388 confirmare.
420 3320 540 3402 lsrael,
560 3320 817 3409 comparatione
837 3325 929 3386 certe
952 3324 1099 3384 Ammon
1122 3325 1155 3386 et
1172 3315 1282 3399 lloab',
1306 3320 1500 3398 estimans,

182 3450 262 3514 ergo
283 3449 393 3517 neque
413 3425 653 3493 maledictione
674 3424 878 3509 visitandus,
901 3425 960 3492 sed
982 3425 1224 3492 benedictione
1242 3424 1468 3492 honorandus
1494 3450 1500 3495 :

182 3539 333 3601 conteret
349 3532 507 3599 inimicos
522 3555 617 3614 suos,
636 3531 717 3622 quia
739 3532 841 3599 labve
858 3537 946 3599 Deus
963 3530 1036 3598 eius
1050 3553 1129 3597 cum
1144 3532 1219 3622 ipso
1234 3537 1300 3614 est3
1321 3533 1501 3599 certiorem

181 3640 342 3728 gentibus
362 3639 409 3728 (et
429 3639 601 3727 Balaam0)
623 3639 724 3706 lsrael
748 3638 854 3706 babet
875 3637 1115 3727 prophetiam,
1136 3637 1215 3704 ideo
1228 3639 1365 3727 plenam
1385 3639 1425 3705 de
1441 3639 1502 3706 ad-

183 3745 338 3813 versariis
353 3744 570 3812 nanciscetur
586 3745 774 3811 victoriam.

227 3877 258 3918 v.
278 3859 318 3920 13
347 3879 363 3914 κ
383 3851 477 3918 uicit
498 3874 577 3941 erqo
602 3851 708 3918 Balac
727 3873 740 3916 .·
771 3851 855 3919 Veni
870 3873 1002 3918 mecam
1028 3850 1063 3917 irc
1089 3850 1237 3916 alterum
1260 3851 1387 3935 locum,
1413 3852 1502 3917 uude

178 3971 315 4050 portem
337 3987 352 4018 a
375 3970 508 4025 tantum
536 3987 550 4020 (ι
578 3958 687 4024 lsrael
707 3958 823 4025 rideas
848 3971 881 4024 et
905 3970 1014 4025 toturn
1041 3957 1155 4024 videre
1181 3979 1251 4023 non
1268 3956 1401 4046 possr‘s,·
1425 3957 1503 4022 irrite

183 4065 379 4133 maledicito
394 4065 427 4130 ei
442 4093 470 4130 ».
489 4065 622 4153 Expetit
636 4066 733 4131 Balac
746 4064 1022 4133 maledictionem
1035 4064 1208 4130 efficacem
1230 4085 1238 4128 ε
1253 4069 1288 4129 at
1300 4063 1419 4129 efficax
1433 4085 1502 4129 non

183 4173 263 4250 erit,
281 4174 309 4238 si
333 4171 558 4261 praecedente
575 4171 814 4238 benedictione
829 4172 1037 4238 destruatur.
1055 4170 1089 4237 si
1114 4168 1391 4236 maledictionem
1411 4192 1504 4237 nunc

184 4278 383 4368 pronuntiat
402 4278 539 4344 Balaam
554 4299 572 4344 e
588 4283 703 4344 monte
724 4279 867 4345 Bamotb
887 4278 984 4362 Baal,
1001 4277 1039 4344 in
1054 4276 1185 4343 eosdem
1204 4297 1290 4365 quos
1313 4298 1404 4342 nunc
1423 4298 1503 4344 con-

183 4383 283 4474 spicit
298 4389 420 4451 ctante
436 4389 667 4473 conspexerat,
679 4385 764 4450 haec
781 4383 974 4452 maledictio
990 4380 1216 4473 praecedente
1229 4383 1428 4450 eorumdem
1445 4383 1504 4450 be-

183 4490 379 4560 nedictione
394 4491 555 4558 solvetur.
578 4490 611 4556 si
629 4513 646 4556 e
667 4490 741 4557 loco
757 4489 890 4579 aliquo,
916 4491 1008 4558 unde
1028 4502 1137 4556 totum
1156 4488 1324 4578 populum
1348 4491 1500 4578 aspiciat,

184 4597 380 4666 maledictio
399 4596 633 4663 infirmabitur
652 4595 879 4686 praecedente
899 4596 1139 4664 benedictione
1155 4595 1396 4686 quorumdam.
1416 4600 1503 4681 Ergo

185 4703 365 4771 maledicat
377 4702 491 4793 parti,
515 4708 549 4770 et
570 4701 708 4792 quidem
730 4725 751 4768 a
769 4709 868 4792 parte
884 4709 982 4782 wit
1006 4702 1169 4768 diversae.
1190 4706 1269 4768 Eam
1283 4706 1356 4768 tum
1370 4706 1500 4790 partem

186 4809 349 4877 Moabitae
365 4811 469 4876 armis
481 4807 734 4896 aggrediantur
745 4816 778 4876 et
796 4808 1012 4875 interimant.
1032 4807 1269 4897 Superstitiose
1281 4808 1498 4897 supponitur,
