3522 5410
706 441 782 484 suu.
807 425 880 493 bib
902 440 966 491 soo.
1459 425 1494 482 u

178 578 483 666 (holocaustorum
514 579 570 640 Ex.
600 574 732 662 izit),
762 574 855 662 quod
887 573 1001 640 minus
1026 580 1183 640 accurate
1211 572 1312 661 Vulp.
1344 571 1460 638 reddit
1489 593 1497 640 ε

177 711 193 744 «
221 682 352 766 omnia,
371 703 458 772 picae
470 679 518 746 ad
530 679 638 747 altare
646 680 826 769 pertinent
843 707 877 763 s,
897 702 985 769 quac
1003 684 1095 748 certe
1113 702 1183 747 non
1197 677 1400 746 deferebant
1417 683 1498 744 Ger-

177 790 321 869 sonitae;
343 816 359 850 u
376 787 554 877 [cuniculos
573 815 588 847 a
606 787 675 874 (Ex.
703 788 830 874 35,18),
851 787 913 876 qui
930 786 1072 876 'paxillis
1093 786 1302 872 figebantur,
1327 815 1343 846 «
1369 799 1402 852 ct
1420 807 1501 852 cusu

176 895 359 962 ministerii
376 923 391 956 »
413 895 469 960 sui
482 893 611 975 omnia,
627 893 651 959 i.
669 917 698 960 e.
714 893 812 960 varia
829 893 1078 974 instrumenta,
1096 892 1221 981 quibus
1239 891 1275 958 in
1294 891 1432 978 figendo
1448 890 1502 958 vel

177 1001 390 1069 detendeudo
405 1000 627 1068 tabernaculo
645 999 863 1087 indigebant,
880 1023 913 1067 v.
932 1021 966 1085 g.
995 998 1147 1065 malleos.
1166 997 1338 1064 Eiusmodi
1359 1020 1429 1064 uon
1446 999 1500 1064 in-

177 1109 342 1195 digebant
356 1108 548 1190 caathitae,
564 1107 624 1195 qui
644 1127 700 1173 eas
716 1129 769 1173 res
784 1112 1051 1196 comportarent,
1067 1127 1155 1194 quae
1170 1125 1307 1194 semper
1321 1111 1499 1171 manerent
1521 1101 1523 1106 ’

177 1215 376 1282 abinvicem
386 1213 571 1280 seiunctae.
584 1211 687 1279 Hebr.
701 1213 906 1280 sententiam
919 1211 1097 1292 adscribit,
1112 1233 1215 1299 quam
1225 1211 1365 1295 ignorat
1375 1210 1471 1296 Vulg.
1488 1233 1495 1278 :

177 1333 210 1386 et
236 1320 368 1405 omnia,
396 1333 483 1410 qrute
502 1319 667 1407 sariendo
685 1332 768 1386 sunt
794 1320 832 1386 in
859 1318 946 1403 illis,
970 1317 1216 1384 ministrabunt
1243 1316 1331 1406 ipsi,·
1352 1317 1500 1402 iungent

176 1449 261 1515 saga
274 1432 339 1494 etc.
360 1449 393 1494 ν.
416 1433 458 1492 27
481 1455 496 1487 (ι
513 1425 651 1502 lubente
667 1427 785 1492 Aaron
798 1437 831 1492 et
845 1424 931 1515 filiis
946 1425 1018 1492 eius
1036 1427 1223 1513 portabunt
1230 1421 1300 1513 filii
1318 1424 1446 1490 Gerson
1461 1445 1495 1504 »3

177 1535 278 1600 Hebr.
303 1554 315 1598 :
336 1533 582 1600 ministrabunt
596 1531 785 1601 secundum
805 1554 905 1600 ornere
925 1554 1009 1598 onus
1024 1553 1141 1597 corum
1154 1543 1186 1596 et
1198 1529 1388 1596 sccitndunt
1401 1551 1499 1595 cirine

177 1639 411 1712 ministerium
436 1661 568 1723 eonem,
599 1668 614 1700 ιι
637 1652 669 1705 et
692 1639 805 1705 scient
825 1637 976 1726 sinpuli,
999 1637 1058 1704 cui
1080 1636 1225 1704 debeant
1247 1635 1346 1712 ,oneri
1366 1635 1499 1702 ntuuci·
1587 1673 1589 1680 ·

173 1747 254 1835 pari
270 1774 299 1814 a.
326 1748 425 1813 Hebr.
447 1768 460 1811 .·
476 1757 508 1812 ct
526 1746 721 1812 attribuetis
735 1745 784 1812 eis
805 1745 841 1812 in
865 1744 1094 1812 obseruatione
1110 1743 1227 1810 omnia
1246 1765 1351 1808 onero
1366 1763 1497 1808 eorum.

176 1853 240 1919 Sed
257 1875 320 1921 cur
334 1853 541 1936 attribuetis,
563 1875 639 1919 cum
662 1850 853 1919 secundum
873 1874 904 1917 v.
928 1857 971 1918 28
992 1850 1084 1919 solus
1104 1851 1258 1916 Ithamar
1272 1847 1501 1917 attributurus

176 1959 278 2032 sit?n
300 1959 437 2027 videtur
457 1959 561 2026 verbo
582 1960 767 2025 accrevisse
791 1958 836 2024 ob
858 1955 1121 2024 similitudinem
1138 1957 1283 2022 aliarum
1303 1955 1352 2022 ib.
1380 1976 1500 2024 vocum

177 2066 211 2133 iu
239 2087 315 2132 cam
342 2071 586 2132 consonantem
614 2065 858 2144 desinentium;
889 2063 1004 2130 verius
1039 2064 1128 2129 LXX
1146 2076 1270 2154 ‚nuptu
1299 2061 1407 2129 Iidem
1437 2082 1500 2151 pro

177 2187 326 2236 ninum
342 2171 506 2256 legebant
526 2185 664 2245 nulnum,
681 2179 719 2236 ut
740 2192 857 2236 sensus
879 2169 946 2238 sit:
972 2181 1030 2235 :et
1048 2169 1213 2236 attribues
1238 2168 1299 2252 eis,
1323 2178 1359 2234 tu
1377 2172 1501 2254 Moyses

178 2299 240 2368 per
254 2278 466 2344 Ithamarum
476 2330 483 2358 ,
491 2276 712 2366 pernumiae
725 2298 831 2343 onera
843 2297 981 2357 eorunm
997 2296 1145 2364 quocum
1159 2280 1324 2342 consonat
1343 2272 1408 2341 Vul
1434 2325 1440 2338 .
1457 2311 1501 2322 —

178 2406 210 2451 v.
227 2388 269 2451 28
295 2412 310 2443 «
331 2381 397 2448 Hic
412 2395 463 2448 est
479 2381 590 2448 cultus
601 2381 763 2469 familior
782 2382 1041 2449 Gersonituruui
1057 2381 1094 2446 in
1108 2380 1327 2446 tabernaculo
1335 2377 1499 2466 foederis,

179 2501 344 2578 ruentque
368 2491 430 2555 sub
451 2487 740 2570 manultbaniar,
763 2489 833 2576 filii
849 2491 966 2554 Aaron
985 2486 1169 2555 sucerdotis
1186 2515 1216 2552 ».
1241 2487 1289 2554 cf.
1313 2508 1344 2552 v.
1369 2492 1422 2552 15.
1442 2491 1496 2552 33.

221 2619 254 2663 v.
272 2603 314 2663 29
332 2623 346 2656 u
362 2595 472 2662 Filios
487 2618 622 2686 quoquc
636 2594 767 2662 Merari
775 2617 841 2685 per
854 2595 1015 2685 familias
1031 2605 1064 2660 et
1078 2593 1193 2660 deuios
1201 2606 1346 2683 patrum
1360 2613 1499 2658 suorum

177 2701 412 2786 recensebis»,
438 2725 469 2768 v.
496 2709 538 2768 30
559 2729 575 2764 «
601 2725 623 2768 a
643 2701 792 2790 tripintu
805 2701 907 2769 annis
932 2713 964 2766 et
979 2723 1084 2791 supra
1098 2723 1204 2791 usque
1216 2699 1265 2767 ud
1278 2722 1388 2766 annos
1400 2698 1501 2789 quin-

177 2810 359 2899 quaqinta,
378 2830 491 2876 omnes
511 2808 573 2898 qui
599 2807 847 2897 inprea'iuntur
861 2805 909 2874 ad
927 2807 1085 2898 officiunt
1103 2805 1289 2874 ministerii
1304 2805 1409 2874 sui-el
1428 2804 1501 2873 cul-

179 2928 251 2982 tum
261 2915 414 3003 foederis
439 2914 628 2981 testimonii
646 2944 674 2980 ».
700 2914 749 2980 Ad
776 2938 808 2980 v.
826 2922 867 2981 31
895 2937 945 3002 sq.
964 2915 1008 2982 cf.
1027 2919 1105 2996 3,3,6
1123 2936 1173 3002 sq.
1193 2953 1237 2964 -
1252 2936 1285 2980 ν.
1306 2919 1345 2979 31
1371 2940 1386 2974 a
1408 2915 1500 2978 Haec

179 3033 259 3088 suut
272 3043 376 3088 onera
391 3042 533 3088 eortina:
555 3021 771 3109 [Portabunt]
792 3020 927 3088 tubulus
946 3019 1158 3087 tubernaculi
1172 3032 1205 3088 et
1219 3031 1327 3086 vectes
1339 3021 1428 3102 eius,
1447 3041 1502 3085 co-

179 3126 316 3196 lumnus
335 3150 376 3194 ac
396 3130 490 3194 bases
505 3150 624 3194 earurn
641 3154 677 3210 a,
699 3151 732 3195 r.
750 3133 792 3193 32
810 3155 825 3190 a
853 3127 1030 3198 columnus
1046 3149 1181 3216 quoque
1199 3126 1285 3193 atrii
1297 3147 1360 3214 per
1378 3123 1500 3192 circui-

179 3244 253 3300 tum
271 3255 348 3300 curn
364 3232 498 3302 basibus
512 3247 545 3299 et
553 3232 700 3322 pastillis
719 3245 752 3300 ct
765 3232 913 3322 struibus
928 3233 1000 3300 suis
1016 3263 1047 3299 a.
1062 3231 1244 3322 Sequentia
1259 3232 1366 3298 verba
1381 3229 1502 3312 melius

179 3362 257 3406 cum
272 3339 375 3408 Hebr.
390 3343 485 3408 LXX
497 3340 542 3411 ad
553 3339 797 3428 praecedentia
809 3339 925 3407 trahas
937 3359 945 3405 τ
959 3362 1066 3429 usque
1078 3338 1127 3405 orl
1140 3339 1257 3405 ornnia
1272 3337 1500 3403 instrumenta

179 3469 295 3512 eornm
307 3460 340 3514 ct
359 3445 526 3536 usquead
540 3469 638 3512 onrne
654 3444 885 3512 ministerium
901 3469 1018 3513 cortun
1023 3465 1039 3530 ,·
1050 3445 1306 3533 intelligasque,
1325 3443 1374 3510 uti
1389 3467 1421 3510 v,
1441 3450 1496 3524 26,

178 3553 236 3640 agi
255 3552 298 3619 de
321 3553 555 3620 instrumentis
574 3553 619 3620 ad
638 3552 914 3640 compingendas
933 3552 1068 3628 tabulas
1087 3557 1151 3618 etc.
1178 3551 1364 3641 requisitis.
1385 3579 1401 3611 α
1421 3553 1500 3617 Oni-

179 3659 238 3724 niu
253 3681 337 3726 casu
355 3673 388 3725 et
401 3657 646 3749 supellectilem
666 3659 715 3725 ud
728 3680 911 3726 numerum
927 3658 1115 3748 accipient,
1131 3658 1247 3748 sicque
1253 3660 1444 3748 portabunt
1466 3685 1496 3724 a.

179 3767 231 3832 Uti
244 3787 276 3832 v.
295 3772 337 3832 27
349 3770 442 3833 verte
454 3787 466 3830 .·
477 3779 511 3832 et
524 3764 721 3832 nominibus
738 3764 948 3832 coristituetis
959 3765 1027 3854 (vel
1040 3765 1235 3854 constitues)
1250 3764 1499 3832 observantiam

179 3894 320 3938 onerum
334 3894 463 3939 eorrcm.
485 3895 518 3938 v.
535 3877 576 3938 33
599 3899 615 3932 «
633 3874 705 3938 Hoc
723 3884 774 3938 est
791 3871 942 3960 officium
956 3871 1117 3959 familiae
1132 3872 1377 3950 Mercritururn
1389 3883 1421 3937 et
1438 3869 1502 3938 rni-

178 3978 358 4045 nisterium
376 3978 414 4046 in
434 3978 653 4045 tabernaculo
670 3977 846 4066 foederis;
865 3990 1034 4068 eruntque
1050 3981 1110 4046 sub
1130 4001 1237 4044 uranu
1253 3979 1417 4060 Ithamar,
1434 3975 1503 4064 filii

178 4085 491 4152 ,toronsucerrlotis
512 4113 542 4152 ».
564 4086 715 4162 Ithamar
729 4086 786 4151 hic
808 4093 841 4152 et
860 4109 892 4153 v.
915 4092 960 4151 28
975 4108 1045 4152 non
1064 4082 1503 4172 vocatu1¹princePS,iide-

179 4197 236 4256 tur
259 4191 338 4256 solis
357 4191 553 4258 ministeriis
575 4192 781 4280 praefuisse,
803 4192 886 4258 dum
910 4191 1175 4278 cognationibus
1193 4195 1390 4279 praeessent
1409 4193 1500 4268 3,2l.

180 4304 222 4363 30
237 4296 397 4386 Eliasaph
413 4303 447 4362 et
463 4297 589 4380 Suriel,
617 4297 755 4364 Eleazar
777 4302 893 4366 eutem
912 4303 991 4378 3,32
1011 4305 1097 4364 esset
1113 4296 1273 4386 princeps
1292 4294 1498 4385 principum.

472 4550 493 4583 c.
510 4535 601 4584 Divina
615 4539 734 4584 mandata
748 4537 848 4598 Moyses
861 4539 1003 4597 exsequitur
1013 4537 1087 4583 Num.
1099 4538 1203 4595 tat-n.

224 4735 256 4778 v.
275 4719 317 4780 374
334 4739 350 4773 «
373 4715 624 4780 Recensuerunt
642 4713 752 4801 ipitur
772 4717 906 4802 Moyses
922 4725 955 4779 et
976 4714 1092 4779 Aaron
1107 4724 1139 4778 et
1153 4711 1331 4803 principes
1350 4732 1499 4800 mnupc-

180 4842 245 4910 pae
263 4847 278 4881 »
294 4859 339 4870 —
353 4820 395 4887 cl.
415 4826 502 4900 1‚17.
522 4823 579 4900 tu
595 4823 684 4898 tutti.
701 4819 740 4885 Hi
754 4819 862 4907 igitur
875 4818 1159 4906 subintelligendi
1172 4823 1251 4885 sunt
1264 4825 1356 4900 t,37,
1372 4821 1425 4884 tt.
1442 4823 1495 4897 lib,
