3538 5404
727 441 955 486 uaznaaaarus.
1463 425 1500 484 53

183 575 361 664 quentium
393 575 684 664 inscriptionem:
713 597 775 642 eur
796 575 890 641 enim
922 577 1008 641 haec
1036 596 1107 642 una
1131 573 1322 663 eademque
1353 575 1501 640 formula

176 687 216 748 -61
236 680 468 750 inscribantur
483 687 516 748 et
538 680 821 749 subscribantur?
841 681 907 748 Sed
926 687 1103 770 tamquam
1127 681 1407 772 praecedentium
1421 680 1501 746 sub-

182 787 420 878 scriptionem,
438 795 475 854 ut
498 789 591 878 prior
608 788 662 856 lex
683 789 729 854 ita
745 789 810 854 hac
824 787 973 854 formula
993 786 1177 856 claudatur
1192 811 1223 854 v.
1243 795 1296 861 13.
1314 789 1365 854 uti
1391 792 1502 877 poste-

175 895 253 960 rior
277 901 388 962 611.

225 1004 450 1068 Nazaraeatus
476 1001 704 1070 videturesse
729 1005 835 1088 Moyse
863 1001 1047 1090 antiquior.
1072 1002 1238 1090 Loquitur
1266 1000 1308 1067 de
1331 1001 1391 1066 1116
1420 1022 1500 1066 nar-

182 1113 276 1174 rator
295 1113 474 1198 tamquam
500 1109 542 1175 de
568 1131 605 1176 re
628 1107 846 1175 audientibus
867 1106 995 1197 oppido
1019 1113 1102 1173 nota
1123 1107 1282 1197 (nilla).
1308 1107 1398 1174 Mitto
1420 1131 1452 1174 v.
1481 1115 1500 1173 1

183 1215 287 1282 verba
314 1229 583 1288 tenuaicum,
609 1215 734 1304 quibus
757 1215 843 1281 aliae
874 1213 978 1298 etiam
1007 1213 1143 1305 aliquae
1166 1215 1262 1302 leges
1291 1212 1501 1303 antiquiores

182 1320 363 1389 ordiuntur
387 1321 473 1412 (CEL
496 1321 794 1411 6111166616).
817 1320 883 1387 Sed
906 1321 942 1386 in
965 1321 1097 1388 deserto
1123 1321 1266 1387 Hebraei
1289 1319 1360 1386 vini
1383 1321 1500 1410 inopia

182 1427 385 1495 laborabant
411 1429 510 1496 ;6161
538 1429 647 1515 igitur
671 1428 713 1494 de
741 1429 882 1516 antiquo
908 1428 1064 1494 instituto
1095 1422 1287 1494 revocando
1317 1426 1497 1513 agebatur,

182 1541 339 1602 6666661
361 1557 422 1604 cur
442 1539 567 1621 Moyses
588 1536 677 1601 hanc
700 1535 814 1620 legem
839 1534 953 1601 ederet
971 1533 1015 1600 ad
1041 1535 1132 1623 ipsas
1157 1533 1290 1601 radices
1309 1533 1433 1599 montis
1450 1534 1499 1598 Si·

180 1640 251 1708 nai.
277 1641 417 1708 Videtur
445 1663 564 1730 reapse
589 1641 731 1730 antiqua
754 1642 808 1707 lex
830 1664 862 1707 v.
888 1647 945 1707 1-8
972 1646 1079 1728 Moyse
1101 1662 1171 1706 esse
1202 1639 1388 1729 antiquior.
1417 1643 1499 1706 Cum

180 1750 326 1815 enimin
349 1753 404 1814 Ex.
428 1754 461 1815 et
484 1753 561 1814 Lev.
585 1747 713 1837 experti
737 1749 842 1815 simus
860 1752 992 1834 Moysen
1016 1747 1127 1814 varias
1149 1746 1244 1833 leges
1263 1746 1393 1814 eoloco
1408 1745 1499 1812 16166

180 1859 355 1940 gestorum
377 1855 609 1922 narrationem
629 1855 795 1936 inserere,
818 1877 886 1944 quo
907 1853 996 1944 ipsas
1016 1875 1135 1943 reapse
1153 1853 1402 1943 promulgavit,
1421 1875 1500 1919 cen-

180 1959 394 2028 sendaesunt
408 1961 497 2029 duae
523 1961 617 2048 leges
637 1984 670 2026 v.
697 1967 772 2028 2-21
799 1960 844 2028 ab
865 1961 938 2050 ipso
958 1962 1198 2050 promulgatae
1217 1982 1287 2027 esse
1310 1960 1407 2027 brevi
1423 1965 1497 2049 post

179 2067 338 2136 ordinata
353 2071 451 2134 Num.
468 2065 1491 2156 1-16661660661616666661666166616611161666666161661,

178 2180 341 2240 6666661
363 2196 424 2240 cur
443 2195 514 2240 666
543 2174 741 2259 661661636
764 2179 870 2240 totam
891 2173 1071 2239 materiam
1095 2173 1304 2252 absolveret:
1331 2195 1401 2238 non
1425 2177 1498 2239 erat

180 2301 242 2346 cur
256 2279 359 2347 lahve
374 2280 476 2347 unico
489 2279 626 2369 eloquio
641 2279 726 2347 duas
742 2280 785 2345 de
808 2279 928 2346 eadem
947 2302 983 2346 re
1006 2280 1098 2366 leges
1113 2279 1238 2346 ederet.
1258 2277 1496 2368 Deprehende-

175 2373 300 2452 bamus
327 2391 428 2453 antea
455 2390 589 2474 Moysen
621 2385 799 2476 antiquam
826 2385 977 2475 primum
1005 2386 1119 2472 legem
1146 2390 1381 2464 revocantem,
1414 2384 1494 2450 dein

87 2499 89 2506 '
177 2515 257 2560 suas
279 2494 311 2559 ei
336 2494 452 2561 thoras
478 2494 717 2560 adnectentem
740 2514 748 2560 :
766 2513 797 2560 v.
819 2513 853 2578 g.
875 2497 952 2560 Lev.
978 2498 1109 2574 1,1-u,7
1127 2497 1159 2558 61
1175 2497 1343 2574 6,8-7,38.
1364 2491 1497 2559 Discer-

179 2605 309 2666 nuntur
325 2599 429 2666 etiam
443 2601 480 2667 in
494 2599 572 2686 lege
596 2622 628 2666 v.
654 2606 733 2666 1-13
757 2598 901 2685 vestigia
917 2598 1086 2688 quaedam
1103 2599 1367 2665 successivorum
1387 2599 1498 2665 incre-

172 2711 385 2788 mentorum,
414 2729 447 2773 v.
476 2713 564 2795 3sq.
591 2707 637 2796 (v.
661 2705 701 2795 i.)
729 2707 824 2773 varia
848 2707 944 2795 qnasi
971 2709 1139 2772 attentata
1156 2704 1283 2792 effugia
1305 2703 1499 2794 praecludit

178 2835 314 2892 eorum,
338 2813 397 2902 qui
419 2813 531 2898 legem
560 2817 662 2890 antea
687 2813 808 2879 1611666
834 2813 946 2879 666611
971 2818 1092 2878 essent.
1110 2811 1184 2878 Voti
1203 2818 1338 2901 tempus
1358 2811 1498 2900 explen-

178 2919 259 2986 dum
273 2941 343 2985 esse
356 2919 455 2985 161166
474 2921 640 3008 repetitur
661 2921 707 3008 (v.
730 2926 761 2986 1.
791 2927 823 2986 5.
846 2925 877 2987 6,
899 2924 930 2986 8.
956 2919 1028 3007 12),
1048 2924 1086 2985 61
1107 2918 1287 3007 suspiceris
1309 2925 1409 2985 66166
1433 2918 1497 2985 ali-

177 3025 387 3114 6666161116
402 3025 616 3092 observando
631 3025 734 3092 161666
752 3027 941 3112 663616666.
957 3049 990 3091 v.
1013 3031 1095 3090 9-12
1118 3026 1348 3114 suspicionem
1368 3031 1494 3104 movet,

178 3138 254 3220 post
280 3131 505 3221 pollutionem
532 3131 674 3198 omnino
699 3132 944 3221 inculpabilem
970 3133 1103 3220 aliquos
1127 3137 1229 3197 antea
1250 3152 1435 3198 nazaraeos
1461 3152 1496 3197 se

177 3239 270 3306 omni
286 3237 494 3325 obligatione
509 3239 636 3305 solutos
650 3239 868 3305 existimasse.

221 3349 305 3412 Rem
322 3345 368 3411 ita
384 3346 550 3434 concipio.
568 3349 647 3411 Erat
663 3350 741 3411 ante
761 3351 894 3432 Moysen
911 3349 1010 3410 vetus
1023 3363 1268 3411 nazaraeorum
1284 3345 1492 3428 institutum,

178 3450 270 3541 quod
292 3473 312 3518 6
332 3450 538 3540 patriarchis
561 3455 763 3541 receperant
787 3451 942 3518 Hebraei.
965 3455 1028 3516 Pro
1051 3455 1143 3517 certo
1163 3455 1318 3539 tempore
1337 3451 1445 3540 aliqui
1460 3473 1495 3518 66

176 3563 253 3624 6616
268 3556 485 3644 obligabant,
503 3562 541 3623 ut
556 3557 721 3624 fructibus
737 3559 816 3624 vitis
828 3556 1050 3637 abstinerent,
1066 3579 1200 3623 comam
1216 3578 1287 3623 non
1299 3557 1493 3640 tonderent,

177 3671 392 3757 mortuorum
421 3663 645 3753 pollutionem
667 3666 826 3731 vitarent.
855 3671 897 3732 At
919 3665 1061 3750 segnius
1081 3665 1183 3747 haec,
1214 3687 1302 3753 quae
1326 3686 1420 3731 mera
1445 3686 1497 3732 es-

175 3777 250 3837 6661
270 3771 323 3836 lex
346 3771 496 3837 humana
517 3777 577 3837 aut
602 3770 733 3838 1666616
757 3771 982 3852 consuetudo,
999 3769 1235 3840 servabantur.
1255 3770 1494 3858 Indulgentiae

177 3878 234 3965 (61.
262 3899 294 3944 6.
321 3883 340 3943 3
365 3877 431 3966 66.)
454 3877 745 3966 subripiebantur,
777 3884 913 3966 tempus
938 3877 1194 3958 decurtabatur,
1222 3878 1322 3944 166116
1352 3877 1494 3966 quidam
1585 3945 1592 3964 ‚

176 3983 270 4050 omni
287 4005 322 4050 se
341 3983 551 4070 obligatione
572 3983 700 4050 solutos
720 3983 939 4074 reputabant.
965 3988 1035 4050 Non
1059 3990 1174 4050 autem
1199 3988 1272 4049 6661
1294 3983 1491 4064 ferendum,
1573 3970 1577 3984 ’

176 4089 265 4157 utin
284 4089 401 4156 6661616
422 4090 522 4156 lahve
541 4101 619 4156 6616
640 4089 811 4157 incuriose
832 4097 1063 4157 servarentur.
1081 4095 1260 4156 Praeterea
1271 4097 1495 4155 nazaraeatus

175 4202 254 4264 ante
279 4201 409 4284 Moysen
430 4197 709 4276 concludebatur,
730 4198 759 4263 si
781 4219 852 4264 non
875 4197 954 4264 iusti
977 4197 1125 4264 nominis
1147 4194 1329 4277 sacrificiu,
1351 4201 1386 4262 at
1405 4201 1494 4264 certe

175 4301 341 4383 conuiuia,
358 4304 413 4405 661
428 4309 461 4370 61
476 4303 545 4370 cibi
561 4308 816 4392 apponerentur
830 4302 960 4394 copiosi
977 4305 1021 4392 (v.
1038 4310 1078 4369 21
1099 4323 1219 4391 «6666
1238 4301 1409 4369 invenerit
1421 4325 1495 4372 ma-

175 4431 240 4476 nus
254 4409 385 4494 61666),
404 4431 517 4499 neque
531 4409 651 4477 vinum
665 4410 811 4492 deesset,
829 4415 958 4499 quanto
975 4411 1085 4477 rarius
1106 4413 1200 4476 tanto
1223 4409 1333 4475 carius
1354 4410 1400 4499 (ν’.
1419 4413 1490 4498 10).

175 4520 255 4583 Erat
280 4516 489 4605 periculum,
517 4538 559 4582 ne
591 4515 742 4606 plurium
769 4517 936 4584 mensium
960 4517 1204 4583 velannorum
1226 4518 1327 4583 unius
1342 4517 1495 4586 hominis

174 4622 381 4689 abstinentia
401 4621 438 4688 in
464 4622 651 4689 multorum
677 4623 853 4713 crapulam
875 4629 908 4691 et
931 4623 1132 4690 ebrietatem
1157 4621 1328 4690 desineret
1357 4623 1411 4712 (61.
1435 4629 1490 4692 Ex.

174 4734 294 4808 3225,
318 4734 393 4796 Lev.
418 4735 514 4808 10,9;
533 4731 606 4795 CEL
624 4751 658 4818 p.
676 4736 729 4796 15.
756 4736 818 4797 tur
841 4735 922 4818 66).
955 4728 1075 4796 Recole
1097 4729 1252 4813 tandem,
1281 4735 1493 4820 quantopere

173 4833 334 4902 institerit
349 4839 473 4922 Moyses
495 4835 585 4925 (Lev.
610 4836 683 4926 17),
707 4841 745 4903 ut
762 4836 984 4903 mactationes
999 4857 1118 4902 omnes
1133 4836 1201 4903 ritu
1216 4857 1314 4904 sacro
1334 4835 1494 4926 pacifico-
