3522 5396
239 343 299 400 376
698 357 735 400 uu
757 351 849 402 sauss
871 357 910 400 uu
933 355 1100 401 mauman.

242 503 345 580 utque
363 489 557 578 poreqriuis
580 517 610 570 o,
629 489 833 578 alienigenis
851 491 955 558 fixam
974 489 1066 557 iuter
1085 487 1257 556 Hebraeos
1279 487 1395 555 sedem
1414 493 1570 556 autnon

241 596 448 663 habentibus
471 601 530 662 aut
553 593 762 664 habentibus
788 597 844 686 (cf.
872 603 926 664 Er.
951 601 1053 692 Ι1113
1078 596 1183 685 sqq.),
1212 625 1227 656 «
1251 609 1290 661 ut
1309 594 1494 684 confuqiot
1514 593 1567 662 ad

164 720 166 724 ’
243 726 317 790 cas,
336 703 397 792 qui
412 701 530 769 orolens
548 703 752 792 sanquinem
761 701 901 794 fuderit
915 731 946 770 a.

652 943 689 996 De
701 943 808 992 occisore
825 949 928 992 nocente
945 944 1019 992 Num.
1033 943 1160 1003 tale-21.

287 1151 318 1194 v.
341 1134 381 1193 16
404 1155 419 1188 «
440 1126 479 1196 Si
498 1128 576 1218 quis
592 1128 685 1216 [erro
701 1129 908 1219 persenserit
923 1141 957 1195 et
975 1140 1129 1196 mortuus
1148 1128 1276 1217 suerit,
1302 1127 1365 1218 qui
1385 1149 1570 1218 percussus

244 1248 308 1316 cst,
325 1255 402 1314 reus
419 1234 484 1300 erit
500 1233 684 1302 homicidii
697 1248 730 1301 et
743 1235 812 1326 ipse
831 1237 994 1303 morietur
1017 1263 1047 1304 a.
1069 1258 1101 1304 v.
1127 1242 1168 1302 17
1190 1263 1206 1297 «
1227 1235 1268 1302 Si
1285 1234 1436 1324 lapidem
1451 1235 1572 1302 iecerit

244 1354 276 1407 et
300 1341 385 1407 ictus
408 1342 616 1424 occubuerit,
631 1341 789 1408 similiter
806 1344 972 1432 punietur
997 1371 1025 1410 a.
1048 1364 1080 1409 v.
1106 1347 1146 1409 18
1168 1369 1184 1404 a
1209 1341 1250 1408 Si
1273 1341 1368 1430 liquo
1383 1363 1574 1432 percussus

245 1447 433 1524 interierit,
449 1447 659 1537 percussoris
670 1450 839 1540 sanquine
855 1448 1088 1516 vindicabitur
1106 1477 1138 1516 u.
1158 1448 1324 1515 Continuo
1338 1470 1439 1514 voces
1458 1453 1574 1516 mutat

251 1553 364 1644 Vutq.‚
388 1577 477 1644 quae
504 1555 597 1644 apud
619 1553 723 1622 Hebr.
748 1576 883 1646 semper
908 1556 1049 1623 eaedem
1068 1553 1322 1622 solemnitatem
1345 1554 1478 1622 addunt
1499 1577 1576 1621 ser-

246 1660 342 1728 moni
364 1660 430 1728 :Si
449 1661 675 1730 instrumento
687 1662 799 1750 ferreo
817 1661 959 1753 (lapidis
978 1662 1066 1748 ictu,
1092 1662 1319 1728 instrumento
1342 1661 1472 1752 liqneo)
1495 1683 1578 1752 per·

246 1766 387 1834 cesserit
411 1787 488 1834 eum
508 1779 540 1834 ct
563 1781 717 1834 martarus
736 1769 796 1851 sit,
823 1767 998 1836 homicida
1021 1769 1094 1858 ipse
1118 1780 1181 1855 est,
1202 1767 1373 1835 moriatur
1392 1781 1575 1858 tamquam

246 1871 431 1941 homicida.
453 1896 485 1940 u.
509 1881 550 1941 19
570 1903 585 1936 a
600 1873 819 1966 Propinquus
833 1875 939 1960 orrici
951 1873 1161 1942 bonticidam
1175 1874 1377 1964 interficio&
1388 1873 1519 1956 statim,
1534 1889 1577 1940 ut

248 1978 518 2069 apprehenderit
537 2003 616 2048 cum
635 2008 667 2065 n,
683 1981 707 2049 i.
724 2004 754 2049 e.
769 1986 807 2049 ut
824 1983 1014 2048 occurrerit
1032 1981 1080 2066 ei,
1103 2011 1118 2042 (ι
1140 1980 1323 2072 interficiet
1346 2009 1375 2048 ».
1395 1979 1502 2048 [tebet
1522 1982 1578 2048 in-

248 2085 402 2152 terficere
422 2092 470 2170 et,
487 2088 516 2154 si
536 2087 593 2154 ille
614 2087 652 2154 iu
671 2087 844 2155 civitatem
871 2087 998 2176 retugii
1021 2086 1172 2154 aliumve
1192 2086 1307 2156 locum
1327 2108 1362 2154 se
1384 2087 1575 2178 receperit,

248 2193 445 2262 extradatur
467 2197 602 2283 oportet
626 2194 684 2283 (cl.
712 2198 808 2261 Dent.
838 2201 1029 2283 19‚12sq.;
1054 2198 1110 2262 Ex.
1138 2194 1268 2283 ssipi).
1295 2197 1385 2281 Ergo
1408 2215 1478 2260 non
1501 2193 1579 2260 sola

248 2304 437 2391 impunitas
458 2299 579 2388 legalis
603 2300 711 2389 (Gai.)
733 2300 943 2392 redemptori
963 2300 1177 2383 conceditur,
1197 2300 1257 2368 sed
1278 2299 1331 2368 ius
1352 2306 1385 2367 et
1408 2299 1580 2386 obligatio

249 2406 437 2475 occidendi.
456 2411 583 2475 'lamen
598 2406 755 2490 adverte,
773 2413 906 2474 certatur
928 2408 1077 2497 supponi
1096 2407 1154 2495 agi
1176 2408 1219 2474 de
1234 2405 1425 2473 homicidio
1440 2405 1577 2474 delibe-

249 2519 340 2597 rat0,
362 2514 432 2582 sive
453 2511 545 2603 quod
560 2535 613 2580 res
627 2513 764 2580 notoria
776 2513 835 2594 sit,
854 2515 923 2580 sive
942 2512 1033 2604 quod
1049 2515 1184 2580 actione
1197 2513 1344 2581 iuridioa
1358 2513 1402 2602 (v.
1418 2513 1474 2602 it)
1490 2534 1580 2579 con-

251 2625 325 2688 stet.
355 2622 585 2687 Praesumitur
608 2625 742 2698 autem,
771 2620 831 2709 qui
856 2620 927 2686 ictu
953 2619 1082 2706 gladii,
1107 2620 1251 2710 lapidis,
1278 2618 1397 2687 clavae
1425 2619 1579 2686 alterum

251 2728 419 2792 inermem
437 2724 487 2813 (id
500 2724 594 2792 enim
611 2732 783 2796 contextus
802 2726 924 2807 habet,
944 2726 1204 2816 excluditurque
1223 2727 1274 2792 sui
1295 2725 1383 2792 iusta
1404 2724 1579 2812 defensio)

250 2831 449 2921 impetierit,
465 2830 503 2898 id
522 2852 601 2898 eum
620 2831 740 2899 fecisse
759 2830 875 2899 animo
892 2832 1098 2901 homicidae.
1122 2832 1228 2922 quue
1243 2833 1369 2899 merito
1384 2831 1582 2922 praesumi-

253 2943 320 3004 tur.
342 2938 454 3006 Aliter·
471 2944 586 3006 tamen
608 2960 661 3006 res
679 2938 799 3021 habet,
822 2939 963 3027 quando
983 2961 1088 3006 manu
1111 2937 1189 3029 quis
1206 2939 1382 3006 homiuem
1398 2961 1431 3005 v.
1448 2960 1484 3025 g.
1510 2938 1583 3005 im·

253 3044 378 3133 pulerit
396 3045 637 3135 praecipitium
654 3066 786 3126 versus,
805 3051 864 3112 aut
883 3067 986 3112 manu
1001 3043 1133 3135 aliquid
1148 3043 1283 3111 eminus
1297 3045 1335 3112 in
1348 3045 1446 3111 illum
1463 3043 1584 3134 conie-

254 3151 347 3232 cerit,
361 3150 512 3241 lapidem
523 3152 578 3218 vel
593 3151 697 3218 etiam
709 3152 883 3237 sagittam.
902 3156 989 3218 Haec
1004 3152 1096 3218 enim
1112 3172 1191 3217 casu
1206 3149 1414 3241 quandoque
1425 3147 1584 3240 aliquem

253 3256 381 3324 feriunt
402 3280 409 3327 :
435 3280 542 3347 quare
564 3259 600 3323 in
621 3257 675 3324 his
694 3255 893 3348 probandus
913 3257 1016 3324 etiam
1037 3263 1111 3324 erat
1131 3256 1267 3325 animus
1291 3256 1427 3325 hostilis
1447 3279 1479 3322 v.
1503 3263 1547 3324 20
1572 3280 1581 3324 ε

255 3391 271 3424 «
289 3363 329 3431 Si
340 3385 402 3452 per
418 3362 536 3430 odium
552 3365 627 3453 quis
642 3363 815 3430 bominem
837 3362 1030 3454 inipulerit,
1049 3362 1103 3430 uel
1117 3362 1235 3429 iecerit
1249 3363 1431 3453 quippiam
1446 3362 1484 3428 in
1500 3385 1584 3430 eum

250 3491 315 3559 per
329 3469 476 3536 insidias
491 3499 506 3531 »
525 3471 581 3558 (cf.
598 3476 657 3539 Ex.
671 3470 800 3557 21,13),
819 3493 849 3536 v.
868 3477 909 3537 ut
927 3498 943 3531 «
960 3482 1039 3551 aut,
1057 3492 1135 3536 curn
1150 3481 1235 3536 esset
1247 3469 1418 3556 inimicus,
1435 3491 1545 3535 manu
1563 3499 1581 3531 a

254 3597 324 3642 non
344 3583 493 3656 armata,
508 3599 589 3643 nam
611 3577 653 3643 de
675 3583 808 3643 armata
827 3577 998 3662 agebatur
1017 3599 1050 3645 v.
1071 3582 1188 3657 16-18,
1208 3603 1223 3637 «
1244 3575 1451 3667 percusserit
1467 3586 1499 3641 et
1520 3575 1584 3642 illc

254 3694 409 3749 mortuus
422 3682 535 3770 suerit
551 3704 752 3772 :percussor
768 3682 948 3750 bornicidii
960 3705 1037 3748 reus
1053 3683 1135 3765 erit,
1154 3695 1323 3773 aequatus
1337 3681 1584 3766 occisistotim,

255 3801 294 3854 ut
311 3786 482 3862 inuenerit
500 3811 593 3873 eum,
611 3789 785 3878 iuqulobit
801 3817 832 3856 ».
853 3789 909 3855 llis
927 3789 1066 3856 videtur
1083 3790 1277 3858 accuratius
1294 3788 1428 3856 definiri
1447 3792 1503 3856 Ex.
1523 3795 1584 3871 21,

257 3900 297 3962 18
320 3917 327 3964 :
345 3897 448 3962 etiam
463 3896 491 3963 si
506 3895 576 3963 ictu
594 3917 715 3963 manus
730 3897 807 3985 quis
821 3895 914 3962 illico
933 3895 1144 3964 exanimatus
1164 3902 1266 3976 esset,
1284 3895 1484 3984 probandus
1507 3901 1588 3962 erat

256 4004 464 4089 percussoris
485 4002 621 4070 animus
643 4001 794 4086 hostilis;
818 4006 852 4068 at
874 4001 1160 4091 praesumebatur
1179 4002 1291 4084 idem,
1314 4001 1343 4069 si
1360 3999 1433 4068 ictu
1453 4001 1586 4090 lapidis

256 4111 304 4190 et,
323 4108 502 4188 afortiori,
521 4110 550 4176 si
561 4109 633 4176 ictu
646 4129 821 4176 armorum
837 4109 939 4174 homo
956 4107 1220 4176 exanimaretur.
1266 4190 1271 4202 ἱ

653 4341 691 4388 De
705 4341 812 4389 occisore
825 4341 955 4388 innocente
971 4341 1044 4387 Num.
1059 4307 1184 4401 sipi-ta

302 4551 334 4598 v.
354 4535 396 4594 22
418 4555 434 4591 a
458 4527 589 4609 Quodsi
600 4527 744 4616 fortuito
763 4557 778 4588 υ
800 4565 844 4578 --
863 4529 964 4595 Hebe.
988 4539 1170 4614 momento,
1190 4525 1265 4594 sine
1285 4527 1389 4617 plena
1406 4525 1587 4593 delibera-

257 4635 350 4702 tione
372 4673 415 4686 ·-
438 4663 454 4696 u
480 4648 513 4702 et
532 4637 659 4724 absque
679 4633 758 4701 odio
781 4662 796 4693 ι)
819 4656 852 4700 v.
870 4639 911 4700 23
935 4661 950 4694 ι(
976 4645 1009 4700 et
1030 4631 1229 4702 inimicitiis
1249 4631 1442 4723 quidquam
1457 4631 1584 4701 horum

255 4740 381 4829 fecerit
398 4769 430 4824 u,
451 4781 495 4794 -
513 4742 599 4810 baec
613 4740 805 4831 plurimum
825 4745 903 4807 sunt
922 4739 1102 4809 decurtata
1123 4762 1131 4808 :
1153 4739 1194 4808 Si
1212 4751 1382 4808 ucomcnto
1402 4750 1435 4806 et
1454 4741 1586 4830 absque
