3522 5396
275 362 333 420 364
403 355 406 364 ’
461 417 464 422 ,
733 377 770 420 66
791 377 883 421 censs
904 376 943 422 66
966 376 1131 420 rosulum.

275 510 323 576 oct
335 532 507 600 poponus,
526 510 589 598 qui
600 509 735 598 possint
758 509 921 578 ultionem
940 509 1080 576 Domini
1099 521 1255 598 expetere
1275 506 1316 573 de
1332 505 1540 573 Modionztzs
1562 533 1594 571 a.

274 617 322 683 Cf.
338 623 439 698 25,st
451 637 502 705 sq.
518 620 586 704 Aq.
607 613 729 682 Tteod.
745 604 826 680 sust
841 617 985 683 trahunt
999 615 1043 682 ad
1057 616 1248 704 sequentia,
1263 618 1297 680 et
1311 615 1403 679 LXX
1416 619 1598 702 praeterea

274 745 337 812 pro
354 736 429 788 unu
444 721 565 808 legunt
586 737 655 786 666
671 737 729 794 me,
751 743 834 808 ergo
857 743 866 790 :
889 734 928 788 61
946 721 1096 788 militent
1114 743 1196 788 6666
1215 717 1317 786 lotoe
1339 719 1392 784 vel
1404 741 1472 809 pro
1492 718 1598 784 lotoe

274 841 393 894 contro
409 826 622 895 Modionitus
637 827 685 894 od
703 827 937 894 ulciscendum
956 831 1057 894 lotoe
1076 826 1118 894 de
1140 825 1363 908 Modionitis;
1383 825 1445 892 ubi
1466 824 1598 892 altoru-

275 941 365 1001 trum
384 933 529 1001 incisum
544 935 625 1000 oriri
646 935 757 1023 potuit
779 933 1028 1002 deformatione
1047 934 1190 1001 alterius
1208 931 1319 1000 incisi.
1338 933 1501 1020 Idemque
1520 930 1597 998 fieri

273 1039 384 1130 potuit
402 1040 439 1107 in
460 1046 552 1106 textu
573 1046 690 1108 nostro
711 1040 875 1123 hebraeo,
898 1041 958 1131 qui
974 1041 1134 1108 nonnihil
1155 1039 1317 1106 verbosus
1341 1046 1496 1128 apparet.
1521 1059 1554 1104 v.
1579 1042 1596 1102 t

275 1174 290 1206 «
307 1146 403 1213 Mille
415 1146 483 1213 viri
497 1145 538 1214 de
553 1146 699 1236 singulis
715 1146 868 1214 tribubus
883 1146 1057 1235 stipantur
1074 1169 1115 1213 eo
1130 1145 1239 1212 Israel
1246 1197 1253 1225 ,
1272 1143 1334 1235 qui
1348 1144 1534 1210 mittantur
1548 1142 1599 1209 ad

273 1252 398 1319 bellum
425 1281 454 1318 6.
476 1275 507 1320 v,
533 1261 590 1320 5«
617 1251 859 1343 Dederontque
883 1253 1042 1322 millenos
1065 1252 1106 1320 de
1133 1250 1283 1341 sinpulis
1312 1250 1467 1318 tribubus
1491 1279 1522 1330 6,
1550 1289 1596 1298 -

275 1361 373 1426 Hebr.
392 1379 405 1422 .·
418 1381 459 1426 eo
474 1358 624 1426 millibus
639 1360 747 1426 lsrael
756 1358 850 1426 mille
868 1382 911 1426 eo
924 1359 1073 1448 sinqolis
1089 1357 1253 1425 tribubus.
1273 1357 1412 1438 Recole,
1428 1356 1596 1446 cuiusque

273 1465 383 1532 tribus
398 1466 488 1532 viros
509 1466 693 1532 bellatores
714 1471 784 1554 (Ex.
808 1466 922 1555 1835)
940 1465 1091 1556 primum
1108 1463 1235 1533 divisos
1257 1485 1329 1530 esse
1349 1465 1385 1530 in
1406 1461 1592 1543 chiliades,

274 1571 386 1638 basin
406 1571 576 1638 centurias
594 1575 657 1638 etc.
680 1594 688 1640 ι
706 1594 790 1659 ergo
807 1573 919 1639 tribus
935 1572 1099 1662 cuiusque
1118 1572 1242 1639 selecta
1260 1575 1309 1638 est
1329 1569 1451 1636 chilias
1465 1589 1537 1636 666
1550 1607 1596 1618 -

275 1705 291 1739 a
310 1678 344 1762 [i.
363 1677 405 1766 6.]
421 1677 599 1743 duodecim
614 1676 726 1744 millio
742 1677 978 1768 expeditorum
993 1676 1209 1768 odpchnom
1226 1703 1257 1744 6.
1274 1699 1306 1744 v.
1322 1682 1342 1743 6
1359 1705 1374 1738 a
1393 1679 1484 1757 Quos
1498 1675 1596 1751 misit

273 1786 405 1871 Moyses
424 1805 501 1848 cum
521 1782 666 1850 Ptinees
681 1783 757 1873 filio
772 1783 935 1851 Eleozori
953 1783 1140 1851 sacerdotis
1162 1811 1192 1853 6.
1210 1783 1260 1851 ad
1278 1782 1363 1872 quid
1381 1788 1496 1851 autem
1513 1783 1595 1852 mit·

273 1887 357 1976 titur
380 1888 545 1956 Phineas?
573 1889 714 1957 Mittitur
743 1898 780 1956 ut
808 1891 985 1970 sacerdos,
1009 1889 1123 1979 inquit
1148 1889 1236 1972 ont,
1266 1917 1283 1950 6
1308 1888 1596 1978 superintendens

273 1994 361 2060 vasis
374 1993 478 2062 sacris
492 2001 526 2061 et
539 1995 632 2062 tubis
652 2016 686 2076 »ς
707 1997 855 2063 mittitur
867 2003 905 2065 ut
917 1997 997 2076 dux,
1012 1995 1128 2086 inquit
1139 1997 1205 2064 Ios.
1223 1995 1282 2084 (cl.
1301 1995 1437 2082 Bonsr„
1455 1993 1592 2084 66166),

272 2099 377 2189 idque
398 2099 538 2167 omnino
558 2102 833 2192 praeterendum.
856 2101 952 2180 Quod
973 2108 1088 2169 autem
1107 2100 1270 2170 obiicitur
1289 2091 1504 2168 sacerdotum
1525 2123 1595 2168 non

273 2205 374 2272 luisse
389 2227 562 2296 pugnare,
578 2208 768 2298 respondeo
787 2231 844 2276 eos
861 2209 979 2298 utique
999 2207 1043 2275 ad
1058 2207 1219 2275 militiam
1237 2228 1307 2276 non
1323 2208 1425 2274 fuisse
1440 2207 1592 2288 adactos,

273 2313 309 2379 in
323 2311 505 2380 itineribus
524 2314 650 2380 deserti
667 2314 824 2382 debuisse
843 2336 949 2404 prope
970 2336 1024 2381 res
1043 2336 1155 2382 sacras
1174 2313 1322 2397 versari,
1342 2320 1377 2380 at
1397 2335 1468 2380 non
1487 2313 1595 2381 fuisse

273 2417 393 2486 vetitos
406 2420 691 2508 pugnarebuxit
705 2420 890 2487 exercitum
903 2425 980 2500 los„
995 2421 1201 2488 dimicavere
1215 2419 1420 2488 blachabeei.
1436 2425 1595 2509 Aequum

273 2521 391 2591 autem'
413 2530 503 2605 erat,
531 2531 569 2591 ut
592 2526 694 2593 huius
717 2526 944 2615 expeditionis
972 2527 1039 2593 dux
1066 2528 1324 2594 renuntiaretur
1346 2526 1506 2603 Phineos,
1533 2527 1595 2616 qui

275 2651 348 2717 cap.
371 2636 412 2696 25
434 2635 504 2698 tam
530 2631 663 2698 fortiter
685 2632 809 2718 egisset
832 2631 868 2699 in
891 2655 928 2699 ro
950 2631 1221 2700 Madianitarum.
1247 2636 1330 2700 Eum
1344 2653 1457 2722 -porro
1480 2632 1594 2701 virum

273 2734 494 2804 constitutum
515 2757 586 2802 esse
606 2738 707 2805 huius
726 2738 891 2805 exercitus
911 2738 1052 2818 ducem,
1067 2740 1207 2806 omnino
1224 2739 1329 2807 efficit
1348 2739 1495 2828 repetita
1517 2747 1596 2827 post

273 2861 390 2906 vocem
413 2841 598 2908 sacerdotis
624 2865 688 2908 vox
712 2831 805 2917 aas&
830 2867 919 2934 quae
943 2843 1004 2926 ibi,
1029 2845 1079 2911 uli
1102 2868 1135 2910 v.
1163 2852 1194 2912 3.
1223 2852 1253 2913 t.
1281 2852 1314 2912 5.
1339 2853 1382 2912 θ’.
1408 2854 1427 2910 1
1451 2846 1595 2911 omnino

273 2946 441 3035 exprimat
461 2951 598 3036 oportet
618 2947 871 3037 etpeditionem
887 2949 1090 3034 militarem,
1105 2973 1280 3041 propriam,
1300 2949 1463 3040 adquam
1484 2951 1596 3017 mitti-

272 3057 329 3118 tur
341 3052 484 3120 Phinees
499 3059 536 3120 ut
548 3053 627 3134 dux,
644 3055 768 3145 reliqui
782 3063 819 3122 ut
833 3055 970 3124 milites.
988 3056 1083 3124 Vocis
1095 3081 1128 3124 v.
1147 3063 1166 3123 6
1183 3055 1339 3147 repetitio
1354 3063 1441 3124 esset
1453 3079 1596 3146 prorsus

273 3159 394 3238 otiosa,
415 3157 479 3226 uisi
498 3181 538 3226 ea
557 3159 622 3226 hoo
642 3183 742 3228 sensu
758 3167 844 3228 esset
862 3163 1077 3251 accipienda.
1098 3162 1288 3244 Obiioiunt,
1311 3164 1433 3230 ducem
1453 3163 1595 3252 expedi-

272 3264 373 3330 tionis
382 3267 522 3331 omnino
536 3265 786 3353 designandum
799 3267 900 3335 luisse
911 3270 1018 3335 Iosoe.
1031 3273 1118 3346 Quos
1132 3269 1251 3336 merito
1262 3269 1441 3355 redarguit
1454 3269 1566 3338 Golm.
1584 3293 1593 3338 :

274 3373 379 3436 «Hae
404 3373 519 3436 tamen
541 3393 699 3440 omnesa
725 3395 840 3440 rerum
864 3376 1103 3441 convenientia
1127 3375 1248 3442 ductae
1274 3376 1423 3442 rationes
1450 3376 1596 3443 minime

272 3475 467 3562 infringunt
486 3481 613 3544 textum
640 3500 748 3566 prono
769 3484 803 3546 et
826 3480 975 3547 naturali
997 3502 1098 3548 66666
1118 3481 1210 3547 inid
1232 3481 1417 3562 terentem,
1440 3481 1595 3549 Phineen

273 3579 356 3646 belli
370 3580 472 3648 huius
486 3581 660 3669 dirigendi
675 3606 800 3653 munus
815 3585 880 3652 sibi
893 3586 1139 3655 demandatum
1155 3588 1295 3672 gessisse
1309 3615 1340 3654 6.
1357 3593 1486 3673 Urgent
1500 3609 1533 3654 v.
1553 3595 1595 3656 13

274 3689 392 3752 losuen
405 3707 476 3752 non
495 3691 663 3756 recenseri
678 3691 712 3756 in
726 3713 870 3758 numero
886 3713 1021 3774 eorum,
1039 3693 1099 3782 qui
1114 3692 1300 3761 victoribus
1315 3694 1451 3760 obviam
1465 3695 1596 3762 iverint

273 3790 442 3874 ecastris,
465 3813 548 3879 ergo
566 3795 669 3860 fuisse
690 3796 905 3864 redeuntium
925 3797 1059 3866 6166666.
1080 3799 1278 3890 Respondeo
1294 3821 1436 3889 peecare
1451 3800 1594 3866 666616-

272 3897 402 3964 sionem
421 3917 428 3963 :
446 3921 464 3964 e
479 3920 510 3966 v.
535 3906 554 3966 6
574 3922 650 3968 cum
667 3924 700 3967 v.
721 3908 760 3970 13
783 3902 908 3971 collato
928 3903 1075 3972 efficitur
1096 3911 1191 3972 losue
1205 3927 1318 3995 neque
1333 3906 1436 3972 luisse
1452 3904 1595 3974 illorum

275 4010 395 4086 12,000
415 4003 568 4072 virorum
589 4006 729 4088 ducem,
747 4031 859 4098 neque
872 4017 1085 4100 praesentem
1101 4019 1173 4078 tum
1194 4011 1343 4079 adfuisse
1357 4011 1393 4078 in
1413 4012 1534 4078 castris
1549 4013 1596 4080 ad

274 4110 469 4192 lordanom3
489 4113 548 4181 ubi
568 4113 685 4194 luerit,
706 4115 818 4181 statim
835 4115 1156 4185 demonstrabimus.

318 4241 333 4276 «
363 4218 450 4282 Voso
465 4234 732 4307 quoquosoncto
747 4233 778 4288 et
798 4224 896 4289 tubos
914 4223 962 4290 od
980 4222 1209 4313 olonpendom
1229 4222 1377 4290 tradidit
1398 4226 1432 4290 ei
1453 4253 1483 4292 6.
1509 4229 1596 4292 Vasa

272 4321 332 4386 illa
346 4339 416 4386 non
434 4329 511 4389 sunt
526 4347 605 4391 arca
623 4327 741 4415 (Coi),
760 4349 905 4416 quaeum
923 4334 1013 4395 certe
1028 4331 1202 4418 proiectus
1222 4336 1307 4397 esset
1326 4329 1399 4421 ipse
1420 4330 1595 4420 pontilex3

272 4447 339 4492 non
359 4425 462 4492 tubae
485 4429 606 4519 (Vnt),
628 4431 694 4498 hae
715 4433 843 4522 quippe
863 4435 1005 4502 seorsim
1023 4441 1284 4515 enumerantem
1306 4459 1378 4504 non
1398 4435 1467 4503 alia
1487 4460 1594 4526 quae-

273 4533 349 4599 dam
370 4553 452 4598 vasa
474 4555 584 4617 sacra,
611 4559 642 4601 v.
668 4561 703 4623 g.
730 4540 927 4618 thuribula,
953 4562 1097 4630 quorum
1124 4543 1221 4608 locus
1245 4548 1318 4610 erat
1338 4563 1448 4632 prope
1473 4565 1593 4610 arcam

272 4639 454 4727 nullusque
473 4641 508 4707 in
526 4641 617 4708 bello
631 4645 749 4732 procul
765 4666 845 4712 arca
860 4669 950 4714 usus.
969 4653 1064 4714 11661.
1085 4655 1163 4730 266
1177 4663 1232 4714 'tat
1247 4637 1293 4713 t‘ts
1310 4649 1467 4734 designat
1487 4671 1593 4716 orua-

274 4759 345 4811 tnm
371 4743 507 4814 virilem
530 4748 725 4839 oppositum
751 4749 891 4818 costitui
912 4753 1074 4819 resiliebat
1096 4775 1108 4818 .·
1134 4775 1217 4841 orgo
1242 4753 1276 4820 h.
1297 4753 1323 4822 1.
1347 4754 1594 4840 intelligendus
