3554 5406
724 447 798 491 lun.
822 432 894 498 aaa
916 413 980 498 s'oo.
1455 434 1518 493 aas

187 579 317 669 ,quibus
332 580 467 647 facilins
484 602 589 668 quam
604 578 672 646 sihi
686 585 813 668 Moyses
832 601 1054 647 concessurus
1068 580 1265 648 crederetur
1279 582 1452 648 favorem?
1472 586 1517 648 De
1563 636 1569 648 ,

191 685 335 754 urbibus
356 709 386 752 v.
411 693 429 753 3
450 685 604 752 dicemus
622 684 667 752 ad
688 707 720 755 ν.
743 691 784 753 3t
802 708 893 775 sqq.‚
916 706 1063 776 quarum
1087 693 1234 776 quatuor
1252 686 1385 776 priores
1408 688 1518 755 tribui

192 791 273 872 Gad,
298 793 451 882 reliquae
478 792 587 861 tribui
615 791 735 860 Ruben
757 791 976 881 postmodum
1003 799 1082 859 sunt
1103 793 1300 861 attributae.
1330 798 1396 861 Cur
1420 817 1515 874 veru,

192 897 276 964 dum
294 897 542 967 Galaaditidcn
558 922 589 964 v.
612 906 627 965 1
646 899 910 989 concupiscunt,
933 899 1119 967 Rubenitae
1140 906 1174 966 ct
1193 900 1333 968 Gaditae
1353 925 1384 966 v.
1404 907 1422 966 3
1439 903 1518 968 nul-

192 1003 261 1071 lam
274 1004 496 1073 Galaaditidis
507 1006 630 1073 urbem
644 1008 868 1072 enumerant?
881 1006 1039 1086 Adverte,
1058 1005 1294 1074 Galaaditiden
1308 1012 1380 1073 tum
1397 1007 1442 1096 (v.
1458 1010 1513 1096 39)

192 1111 227 1176 in
245 1113 534 1180 Amorrhaeorum
547 1112 660 1179 adhuc
676 1111 835 1178 manibus
849 1113 960 1180 luisse.
978 1112 1168 1180 Rubenitae
1186 1111 1293 1200 igitur
1312 1119 1345 1180 et
1361 1114 1513 1190 Gaditae,

191 1238 270 1283 cum
281 1217 518 1286 Galaaditiden
531 1217 747 1308 potissimum
758 1217 795 1284 in
805 1221 892 1285 votis
906 1218 1087 1301 haherent,
1106 1241 1174 1286 non
1188 1241 1263 1287 eam
1276 1219 1517 1310 sedreliquam

194 1323 497 1392 transiordanicam
511 1325 747 1413 expetiverunt
762 1327 845 1408 rati,
861 1327 889 1392 si
902 1324 993 1392 hanc
1010 1323 1220 1408 obtinerent,
1238 1347 1307 1393 non
1323 1326 1398 1393 aliis
1413 1331 1517 1417 quam

192 1427 258 1496 sibi
272 1417 510 1497 Galaaditiden
528 1429 631 1496 etiam
652 1451 722 1496 esse
745 1451 928 1497 cessuram.
947 1435 988 1495 At
1005 1431 1125 1497 nolens
1145 1435 1285 1518 Moyses,
1305 1453 1349 1498 ne
1368 1431 1514 1498 duarum

81 1617 86 1626 Ι
193 1534 347 1602 tribuum
360 1535 442 1602 fines
456 1533 493 1602 in
511 1535 717 1602 immensum
740 1541 973 1616 excurrerent,
991 1535 1227 1603 Galaaditiden
1246 1537 1449 1605 Manassaeis
1464 1560 1513 1604 as·
1568 1559 1571 1566 ·

192 1640 622 1731 signavitexpugnandam
638 1646 740 1731 atque
754 1640 1011 1732 possidendam.
1433 1645 1435 1650 ’

237 1771 269 1816 v.
293 1755 311 1814 3
337 1775 353 1810 a
376 1747 524 1815 Ataroth
548 1759 581 1814 et
604 1749 716 1814 Dibon
736 1759 767 1814 et
788 1749 886 1814 laser
900 1760 933 1815 ct
952 1751 1087 1820 Nemra,
1103 1778 1118 1812 »
1144 1749 1190 1838 (v.
1214 1755 1256 1816 36
1277 1749 1515 1840 Bethnemra),

196 1883 212 1916 a
232 1853 388 1922 Heroden
409 1868 442 1921 et
461 1854 581 1922 Eleate
600 1866 632 1921 et
651 1855 768 1921 Satan
792 1882 807 1914 u
830 1855 938 1944 (Sam.
958 1858 1048 1921 LXX
1062 1870 1162 1920 manu
1179 1885 1221 1916 τ,-
1242 1855 1390 1924 Sabams
1409 1880 1440 1924 v.
1460 1857 1516 1945 38)

193 1989 210 2022 a
237 1974 269 2028 et
288 1962 380 2030 Nebo
395 1973 427 2026 ct
448 1964 542 2028 Beon
562 1989 578 2022 »
605 1961 649 2050 (v.
673 1966 715 2027 38
735 1961 928 2051 Balmeon),
949 1985 981 2029 v.
1006 1969 1024 2030 t
1050 1989 1066 2024 a
1093 1975 1199 2046 terra,
1222 1985 1328 2053 quam
1345 1963 1518 2053 percussit

193 2069 358 2133 Dominus
378 2067 415 2132 in
433 2079 615 2157 conspectu
634 2066 789 2156 filiorum
806 2067 929 2150 israel,
950 2068 1044 2158 sepio
1065 2069 1237 2136 uberrima
1251 2080 1297 2135 est
1312 2068 1360 2135 ud
1372 2082 1515 2159 pastum

193 2173 415 2254 animalium,
434 2186 466 2240 et
485 2197 546 2240 nos
565 2173 654 2240 servi
669 2174 722 2240 tui
733 2173 894 2242 habemus
908 2175 1060 2242 iumenta
1073 2175 1252 2265 [plurima]
1269 2205 1300 2260 »,
1315 2198 1347 2242 ν.
1365 2183 1385 2244 5
1404 2204 1419 2237 «
1435 2198 1517 2266 pre·

193 2303 394 2369 ramusque,
410 2280 441 2346 si
458 2278 654 2347 invenimus
672 2280 825 2369 qratiam
846 2303 960 2348 coram
979 2294 1029 2363 te,
1044 2295 1081 2348 ut
1103 2280 1161 2348 des
1179 2281 1276 2348 nobis
1290 2282 1434 2370 [amidis
1450 2283 1516 2348 luis
1551 2297 1554 2302 ’

193 2409 268 2454 cans
283 2387 319 2453 in
330 2388 589 2477 possessionem,
605 2409 665 2454 nec
677 2386 794 2474 facias
813 2410 875 2454 nos
892 2387 1039 2455 transire
1059 2388 1239 2455 Iordanem
1264 2417 1293 2455 u.
1316 2394 1380 2455 Pro
1393 2411 1516 2479 preca-

193 2515 281 2577 mur,
309 2492 411 2560 Heba.
439 2493 611 2562 deheramt.
637 2493 674 2560 ld
698 2499 776 2584 post
801 2517 834 2560 v.
862 2501 882 2561 2
907 2494 1066 2563 otiosum.
1090 2499 1160 2562 Una
1184 2501 1234 2562 est
1255 2517 1287 2562 v.
1312 2503 1367 2564 3-5
1391 2495 1514 2578 oratio,

193 2623 281 2690 quae
302 2622 332 2666 v.
352 2606 372 2667 5
389 2599 535 2690 petitum
555 2603 726 2683 enuntiat,
744 2623 777 2668 v.
800 2608 818 2668 3
838 2623 889 2691 sq.
912 2601 1019 2691 petiti
1032 2602 1198 2669 rationem
1222 2601 1370 2693 exponit.
1395 2601 1461 2668 Sed
1480 2601 1515 2666 in

193 2707 257 2773 hac
276 2706 408 2773 ratione
429 2706 522 2774 deest
543 2707 695 2798 praecise
714 2706 769 2789 id,
788 2706 882 2797 quod
901 2708 1118 2798 potissimum
1135 2715 1201 2791 est,
1213 2731 1260 2776 se.
1282 2708 1468 2777 Rubenitas
1482 2712 1517 2774 et

193 2811 328 2880 Gaditas
344 2835 411 2880 non
427 2813 538 2880 solnm
558 2813 689 2880 habere
706 2836 855 2904 pecora,
874 2814 970 2904 quod
985 2814 1043 2881 alii
1064 2814 1144 2882 item
1164 2814 1356 2894 habebant,
1378 2813 1437 2881 sed
1453 2814 1515 2880 ha·

192 2918 275 2986 bere
293 2941 419 3009 pecora
426 2919 584 3011 plurima
598 2919 734 3010 (Vulp.)
751 2921 895 3011 aliisque
909 2913 1022 3010 plura.
1039 2920 1251 2990 Crediderim
1264 2921 1373 3007 igitur
1387 2925 1515 2987 textum

192 3025 353 3115 primitus
370 3047 430 3114 pro
446 3041 554 3092 innan
571 3026 729 3092 habuisse
745 3042 815 3092 usn
831 3028 884 3093 vel
899 3043 968 3092 uun
992 3042 1045 3116 nn,

237 3132 395 3198 Oratione
418 3131 494 3198 illos
518 3131 704 3198 efficaciter
726 3137 851 3219 Moyses
877 3131 1091 3214 dehortatur,
1113 3154 1155 3200 ne
1177 3155 1197 3199 a
1219 3132 1431 3221 reliquarum
1453 3134 1515 3198 tri-

194 3239 301 3305 buum
332 3237 489 3305 societate
518 3259 553 3304 se
584 3237 774 3304 retrahant.
802 3259 835 3305 v.
854 3245 919 3304 6.«
952 3239 1082 3322 Quibus
1106 3265 1135 3317 u,
1161 3238 1247 3327 filiis
1272 3237 1350 3305 Gad
1376 3250 1408 3305 et
1429 3238 1515 3327 filiis

193 3343 328 3428 Ruben,
352 3372 368 3406 «
394 3343 571 3434 respondit
590 3347 726 3434 Moyses
749 3339 963 3433 :Numquid
979 3347 1109 3434 fratres
1129 3346 1232 3412 uestri
1251 3344 1349 3412 ibunt
1372 3344 1420 3410 ad
1446 3366 1514 3435 pu-

192 3464 419 3540 panaretum
439 3451 492 3520 tic
507 3450 692 3519 sedebitis?
707 3478 724 3512 »
743 3451 795 3518 nd
814 3451 1057 3518 verecundiam
1078 3451 1229 3542 primum
1247 3475 1305 3518 eos
1325 3457 1487 3542 provocat
1505 3469 1511 3516 :

190 3559 320 3646 fratres
341 3558 438 3626 decet
455 3565 525 3625 tam
545 3557 628 3630 belli
648 3578 755 3648 quam
772 3558 866 3648 pacis
878 3543 954 3625 ¹esse
977 3557 1102 3640 socios,
1119 3557 1289 3648 imprimis
1303 3580 1361 3626 eos
1375 3559 1512 3639 fratrae,

194 3663 255 3753 qui
267 3670 403 3754 practer
418 3687 637 3732 communem
656 3665 826 3752 originem
846 3664 982 3752 reliqua
995 3663 1112 3732 omnia
1127 3669 1176 3731 tot
1196 3665 1296 3734 annis
1315 3664 1516 3733 habuissent

193 3773 398 3838 communia.
414 3793 445 3837 v.
462 3779 481 3837 7
497 3799 513 3832 κ
533 3774 602 3839 Cui·
616 3771 813 3838 siibvemitis
834 3801 849 3833 η
869 3810 912 3821 -
933 3767 1012 3837 eum
1027 3772 1122 3838 Sam.
1138 3772 1402 3861 praeterendum
1426 3771 1513 3851 lueri,

195 3899 271 3944 cum
289 3900 384 3944 secus
397 3877 500 3956 etiam
520 3877 616 3945 verbi
637 3891 686 3943 sti
702 3880 812 3946 solum
828 3877 944 3967 hiphil
958 3884 1109 3947 recurrat
1124 3918 1167 3929 -
1187 3906 1202 3941 a
1222 3892 1350 3945 mentes
1363 3876 1515 3967 filiorum

195 3984 314 4066 lsrael,
325 4007 367 4051 ne
383 3985 529 4052 transire
540 3983 712 4074 [audeant]
724 3985 762 4052 in
773 3984 896 4068 locum,
910 4007 1011 4074 quem
1021 3984 1070 4052 eis
1082 3983 1225 4052 daturus
1237 3998 1286 4051 est
1295 3983 1485 4050 Dominus?
1499 4013 1514 4044 u

195 4096 408 4159 Demonstrat
418 4091 594 4173 damnum,
608 4092 702 4181 quod
716 4093 779 4159 toti
793 4092 923 4181 populo
938 4091 1069 4159 illaturi
1084 4091 1152 4158 sint
1164 4090 1313 4180 pessimo
1328 4112 1389 4157 sno
1403 4112 1515 4157 exem-

195 4198 253 4286 plo
276 4217 285 4266 ι
307 4200 504 4287 exemplum
524 4199 655 4288 quippe
674 4197 820 4279 efficiet,
842 4204 880 4266 ut
899 4197 1024 4287 reliqui
1040 4197 1134 4265 idem
1154 4202 1261 4284 agant
1280 4201 1315 4264 et
1333 4196 1512 4263 Iordanem

196 4304 352 4371 traiicere
371 4304 614 4386 detrectentur,
630 4327 669 4372 ac
684 4309 862 4395 praeterea
875 4304 1038 4371 fiduciam
1054 4303 1165 4370 divini
1189 4303 1310 4371 auxilii
1330 4301 1511 4392 (audeant)

195 4415 314 4500 suapte
329 4415 453 4478 natura
468 4411 612 4480 minuet.
631 4411 780 4480 Tandem
797 4409 949 4478 divinam
965 4409 1178 4501 punitionem
1199 4409 1351 4478 minatur
1370 4415 1512 4496 Moyses,

196 4539 399 4607 comparans
419 4539 537 4584 eorum
563 4517 744 4585 consilium
763 4517 849 4585 actis
871 4528 1009 4607 patrum
1024 4521 1122 4584 Num.
1148 4524 1187 4586 13
1207 4540 1273 4608 sq.,
1291 4517 1350 4606 qui
1372 4538 1515 4603 gravem

195 4645 343 4714 poenam
359 4623 513 4692 tulerint.
532 4647 563 4692 v.
581 4631 602 4691 8
621 4651 637 4688 a
653 4625 774 4693 Nonne
791 4623 841 4690 ica
856 4637 999 4713 eperunt
1013 4635 1132 4714 patres
1147 4623 1259 4708 uestri,
1280 4621 1419 4713 quando
1436 4621 1517 4688 misi

197 4729 238 4797 de
251 4729 467 4800 Cadesbarne
483 4729 530 4798 ad
542 4729 790 4822 esplanandum
806 4735 956 4798 terram?
968 4759 982 4791 u
1002 4754 1033 4798 v.
1052 4738 1101 4797 9«
1119 4733 1271 4820 Cumque
1282 4729 1450 4796 venissent
1461 4751 1515 4794 us-

197 4859 262 4928 quc
273 4837 320 4906 ad
337 4837 467 4906 Vallem
483 4839 591 4925 Doni,
610 4837 757 4906 lustrata
768 4837 864 4906 omni
873 4837 1031 4927 cepione,
1046 4840 1282 4907 subverterunt
1296 4859 1353 4904 coi·
1362 4835 1517 4926 filiorum

610 4966 784 5005 acuminum.
802 4979 833 4991 —
848 4966 875 5005 ne
890 4967 1012 5004 nunenos.
1029 4980 1060 4990 -
1077 4957 1106 5003 23
