3522 5410
725 419 934 467 rurnocucuo.
1477 409 1495 468 3

174 553 273 620 sione
289 551 447 618 interitus
462 551 579 618 Nadab
594 557 627 618 et
639 551 728 644 Abiu
741 552 811 620 lata
826 559 891 635 est,
916 553 996 620 dein
1014 553 1067 620 lex
1081 553 1124 620 de
1144 555 1421 638 mactationibus,
1440 579 1495 624 res

166 659 223 728 vix
238 681 310 730 non
331 663 525 725 constanter
543 658 759 726 inculcanda.
781 661 941 749 Sequitur
958 665 1034 726 Lev.
1053 667 1094 727 23
1115 663 1292 748 catalogus
1305 663 1490 744 festorum,

166 757 270 856 quem
293 765 428 854 utique,
455 765 535 832 licet
554 785 622 832 non
641 766 832 832 necessario
847 771 973 847 totum,
989 766 1088 832 brevi
1106 773 1181 855 post
1203 790 1332 835 novum
1351 767 1489 838 dodica-

166 877 240 940 tum
262 871 495 942 sanemarium
517 871 732 961 promulgari
752 873 915 961 oportuit.
937 879 1013 940 Lev.
1039 877 1093 954 il,
1112 880 1250 963 praeter
1269 874 1354 942 duas
1367 876 1487 943 breves

165 980 258 1065 leges
272 977 464 1048 narrationi
482 977 593 1044 minus
610 978 789 1068 perspicue
808 979 969 1058 intextas,
991 987 1129 1045 enarrat
1149 980 1343 1070 blasphemi
1357 984 1489 1074 suppli-

167 1085 257 1152 cium
283 1089 317 1151 et
337 1085 451 1172 legem
472 1106 512 1156 aa
534 1084 710 1151 occasione
727 1085 847 1154 latam.
868 1084 1064 1152 absolvitur
1087 1084 1172 1153 haec
1194 1088 1297 1154 etiam
1318 1093 1390 1155 tota
1409 1112 1491 1178 pars

167 1191 362 1258 solemniori
380 1190 522 1279 epilogo
537 1194 615 1260 Lev.
639 1197 681 1258 25
694 1213 745 1281 sq.

212 1298 268 1364 llis
293 1296 459 1387 expeditis
478 1305 669 1386 sequuntur
687 1296 755 1364 alia
781 1319 788 1366 :
818 1303 895 1364 Lev.
925 1305 966 1363 27
993 1298 1048 1364 lex
1068 1298 1111 1365 de
1131 1299 1369 1388 redemptione
1397 1307 1493 1370 voto-

83 1413 86 1420 '
167 1425 245 1471 rum
265 1409 330 1472 etc.
346 1408 506 1471 Ceterum
521 1409 600 1494 post
612 1402 808 1472 ordinatum
822 1405 1055 1472 sanctuarium
1068 1403 1262 1472 ordinanda
1274 1413 1353 1473 sunt
1367 1412 1490 1476 castra.

169 1511 250 1578 ilinc
266 1511 330 1576 viri
347 1509 530 1577 bellatores
553 1514 779 1578 numerantur
802 1509 847 1577 ab
862 1512 961 1578 annis
984 1511 1124 1596 viginti,
1146 1511 1367 1599 assignantur
1390 1515 1493 1583 duces

168 1623 201 1684 et
222 1617 396 1683 incastris
416 1616 523 1683 locus.
547 1615 678 1683 Levitae
698 1616 769 1686 vice
789 1616 1100 1706 primogenitorum
1122 1619 1226 1685 totius
1244 1619 1364 1709 populi
1383 1620 1492 1688 cultui

168 1724 268 1790 lahve
283 1721 466 1790 addicendi
490 1707 718 1789 numerantur
741 1722 786 1788 ab
801 1745 870 1790 uno
896 1743 1029 1805 mense,
1048 1723 1109 1813 qui
1127 1746 1224 1791 sacra
1238 1726 1405 1813 portaturi
1424 1727 1491 1793 sint

168 1829 211 1895 ab
234 1829 333 1896 annis
359 1828 522 1917 triginta3
545 1828 688 1915 singulis
713 1851 774 1896 sua
804 1829 917 1896 olficia
938 1829 1168 1916 assignantur.
1197 1832 1491 1900 Commendantur

169 1935 338 2024 quaedam
363 1937 398 2002 in
422 1937 539 2003 castris
563 1935 777 2024 potissimum
800 1936 1016 2003 observanda
1041 1956 1049 2003 :
1071 1937 1263 2004 inculcatur
1279 1959 1340 2020 sa,
1368 1943 1404 2006 ut
1421 1940 1488 2007 im-

169 2043 322 2110 mundie
344 2043 462 2110 castris
478 2040 714 2125 excludantur,
733 2042 901 2109 restitutio
920 2043 1111 2111 voluntarie
1130 2044 1208 2126 fian
1226 2046 1492 2133 promulgantur

168 2150 305 2217 nomine
322 2150 423 2216 lahve
439 2148 598 2236 antiquae
612 2149 705 2234 leges
719 2148 762 2215 de
776 2149 943 2238 zelotypia
962 2154 995 2215 et
1015 2156 1237 2230 nazaraeatu3
1258 2151 1407 2218 traditur
1419 2153 1488 2218 lor-

139 2255 143 2264 '
173 2256 267 2323 mula
287 2253 534 2322 benedictionis
549 2276 569 2321 a
587 2255 821 2322 sacerdotibus
846 2255 1109 2344 impertiendae.
1136 2256 1331 2323 Resumitur
1350 2257 1489 2324 tandem

169 2360 394 2428 dedicationis
408 2361 593 2428 sanctuarii
608 2361 821 2444 solemnitas,
837 2383 924 2450 quae
943 2363 1082 2429 interitu
1096 2361 1215 2428 Nadab
1231 2369 1265 2430 at
1279 2363 1366 2429 Abiu
1379 2363 1490 2431 luerat

171 2469 335 2558 abrupta3
358 2469 393 2533 in
411 2489 479 2557 qua
500 2468 651 2556 supremi
666 2467 819 2534 tribuum
844 2467 947 2534 duces
961 2467 1107 2534 otlerunt
1120 2469 1278 2557 aequalia
1292 2491 1438 2536 munera
1451 2470 1489 2536 in

169 2573 383 2662 agnitionem
401 2573 581 2664 supremae
596 2575 807 2641 auctoritatis
820 2574 922 2641 lahve
937 2581 980 2655 et,
999 2573 1199 2664 interposita
1212 2574 1309 2642 brevi
1322 2581 1356 2642 et
1367 2577 1487 2642 obscu-

169 2681 259 2748 riore
274 2681 316 2748 de
327 2680 535 2748 candelabro
550 2681 626 2768 lege
641 2685 750 2764 8,1-l,
766 2687 1008 2748 consecrantur
1019 2681 1155 2750 levitae.
1170 2685 1260 2768 Lege
1271 2682 1424 2750 sancitur
1441 2687 1487 2766 ut,

169 2789 229 2878 qui
247 2788 355 2854 Phase
378 2793 504 2854 statuto
529 2786 585 2854 die
609 2787 785 2855 celebrare
804 2787 1041 2877 nequiverint,
1065 2786 1155 2853 illud
1180 2809 1295 2856 mense
1316 2795 1392 2877 post
1411 2811 1489 2879 sup-

168 2895 297 2985 pleant.
320 2894 516 2961 Traduntur
540 2893 678 2960 tandem
696 2899 849 2962 extrema
870 2893 1065 2960 resumendi
1082 2916 1146 2983 per
1164 2894 1337 2962 desertum
1356 2895 1489 2963 itineris

169 3000 394 3090 praeambula
412 3022 419 3070 :
435 3000 605 3088 generalis
619 2999 751 3067 itineris
765 3001 853 3068 ratio
874 2999 1093 3081 describitur,
1110 3000 1272 3068 tubarum
1286 3023 1365 3068 usus
1380 3003 1487 3092 expli-

170 3112 279 3174 catur.

213 3216 376 3280 Narrator
395 3213 535 3280 onmino
551 3213 589 3279 in
612 3235 652 3278 eo
672 3218 733 3293 est,
752 3219 790 3279 ut
802 3234 907 3280 unam
929 3217 962 3279 et
985 3213 1184 3280 continuam
1205 3213 1304 3280 nobis
1316 3221 1488 3304 proponat

170 3319 478 3407 historiam31eges
497 3320 614 3409 plures
634 3318 862 3386 demonstrari
882 3325 1024 3409 possunt
1048 3342 1118 3387 esse
1139 3320 1380 3408 promulgatae
1396 3321 1489 3387 inter

169 3425 246 3493 illos
270 3432 428 3510 eventuS,
451 3447 600 3515 quorum
619 3426 809 3492 narrationi
833 3427 1104 3509 interseruntur3
1126 3448 1237 3516 neque
1260 3427 1331 3493 ulla
1354 3428 1406 3493 lex
1426 3427 1487 3494 de-

169 3533 352 3599 monstrari
368 3537 477 3623 potest
498 3554 569 3599 non
592 3555 633 3598 eo
657 3538 814 3622 tempore
831 3553 903 3598 esse
924 3538 1020 3615 nata,
1042 3532 1098 3599 cui
1117 3532 1211 3599 illam
1234 3532 1355 3600 obvius
1371 3555 1487 3600 narra-

168 3638 271 3706 tionis
280 3662 386 3706 nexus
401 3639 553 3707 tribucre
567 3637 715 3706 videtur.
731 3640 840 3705 Habes
849 3639 919 3706 iam
934 3639 977 3704 ad
989 3640 1230 3706 resumendum
1242 3638 1308 3706 iter
1319 3640 1487 3707 accinctos

170 3745 349 3814 Hebraeos.
369 3751 455 3813 Suae
473 3746 721 3812 inconstantiae
737 3745 832 3812 illam
851 3767 1002 3836 eousque
1021 3745 1235 3834 potissimum
1258 3745 1417 3814 videntur
1430 3753 1487 3813 tu-

169 3849 246 3919 lisse
268 3874 432 3943 poenam,
452 3857 491 3919 ut
513 3873 576 3941 pro
600 3851 711 3938 regali
730 3850 919 3918 sacerdotio
944 3851 1009 3917 sibi
1030 3857 1087 3919 Ex.
1115 3858 1193 3934 aaa
1215 3859 1486 3941 praemonstrato

170 3959 397 4026 sacerdotium
418 3981 437 4024 a
459 3963 524 4026 [leo
543 3956 637 4024 nacti
654 3957 734 4040 sint,
756 3979 864 4044 reguo
882 3957 927 4024 ad
947 3959 1064 4025 lutura
1083 3962 1237 4047 tempora
1257 3958 1374 4024 dilate.
1396 3958 1487 4025 Nihil

170 4085 243 4144 eoa,
261 4065 445 4154 quominus
456 4065 554 4132 brevi
568 4065 693 4132 itinere
708 4064 743 4130 in
755 4069 882 4130 terram
902 4064 1103 4152 promissam
1119 4064 1381 4146 deveherentur,
1398 4064 1489 4130 inhi-

171 4171 253 4236 bere
268 4176 417 4260 poterat,
437 4170 628 4239 dummodo
649 4171 715 4260 ipsi
737 4175 771 4237 ct
789 4175 916 4258 lloyscs
930 4170 1050 4238 fideles
1070 4170 1299 4238 adhaererent
1317 4169 1438 4237 foedcri
1454 4177 1487 4238 et

170 4277 274 4343 sacris
291 4277 406 4344 lahve.
431 4277 522 4355 Quod
543 4279 608 4368 ipsi
631 4299 700 4344 non
715 4276 916 4366 praestitere
936 4299 944 4345 :
963 4282 1064 4366 atque
1089 4277 1168 4344 hinc
1189 4275 1358 4344 evolvitur
1370 4277 1488 4345 divina

170 4383 232 4450 illa
245 4382 441 4470 tragoedia,
459 4407 563 4473 quam
582 4384 680 4452 nobis
694 4384 841 4474 explicat
855 4383 946 4450 liber
957 4388 1057 4452 Num.

215 4490 326 4558 Deluit
344 4490 492 4580 populus
511 4491 587 4558 sibi.
610 4490 716 4558 Caede
736 4495 793 4559 Ex.
824 4495 867 4556 32
888 4496 1027 4556 narrata
1048 4488 1265 4558 difficultates
1287 4490 1331 4558 ad
1355 4496 1490 4582 tempus

171 4596 308 4664 fuerant
325 4619 541 4687 suppressae,
567 4619 635 4663 non
654 4579 849 4664 exstinctae.
872 4601 981 4673 Quare
1004 4599 1177 4685 resumpto
1197 4597 1318 4664 itinere
1341 4621 1419 4665 mox
1435 4621 1488 4665 re-

170 4702 284 4771 vixere
298 4703 459 4794 querelae
474 4726 481 4772 :
502 4702 652 4792 primum
665 4703 782 4793 populi
798 4701 844 4769 ob
857 4701 989 4769 itineris
999 4701 1155 4770 laborem
1171 4709 1205 4769 et
1220 4702 1288 4770 cibi
1303 4703 1486 4785 rationem

171 4831 250 4877 mox
269 4817 495 4898 cognatorum
514 4808 558 4876 ob
578 4810 695 4896 Moysis
712 4830 851 4877 uxorem
866 4830 935 4876 non
950 4809 1135 4876 hebraeam
1153 4814 1187 4876 ct
1200 4831 1396 4901 supremam
1417 4833 1492 4901 pro
