3538 5404
709 409 781 453 uuu.
806 394 875 465 l,47
899 409 963 462 soc.
1460 395 1496 452 st

178 547 348 630 exemptos
371 541 461 630 (cum
488 547 504 607 1
534 542 628 608 Esdr.
658 549 737 622 mu
761 543 804 611 ct.
833 545 899 609 Ios.
935 547 1011 609 Ant.
1039 545 1093 607 lll.
1121 547 1216 624 tn,t;
1242 547 1291 608 lV.
1317 542 1405 631 t,3),
1432 541 1499 608 nisi

177 648 266 714 forte
284 647 345 714 uhi
360 669 422 738 pro
435 647 518 738 ipsis
538 647 640 714 sacris
659 655 744 715 esset
763 648 997 716 dimicandum
1019 647 1077 736 (cl.
1103 651 1220 734 1ch.
1249 655 1280 730 t,
1301 647 1370 737 11).
1394 651 1498 738 Opor-

177 753 271 820 tebat
291 753 425 820 eosdem
448 753 575 821 servire
596 753 790 822 habitaculo
811 761 844 821 et
865 754 1118 837 sacerdotibus,
1139 754 1222 820 dum
1244 754 1281 820 hi
1304 753 1370 844 ipsi
1394 755 1498 821 lahve

177 860 376 927 immediate
391 861 595 928 serviebant.
614 865 702 928 Haec
716 863 804 928 ratio
826 862 967 928 omnino
982 861 1154 950 princeps
1172 883 1234 926 cur
1246 853 1380 927 Levitae
1394 860 1499 927 armis

177 966 336 1054 gerendis
348 966 463 1034 idonei
478 989 545 1034 non
561 966 629 1034 sint
642 969 827 1035 numerati.
846 967 1038 1036 Accedebat
1052 967 1194 1034 minoris
1209 966 1376 1034 momenti
1391 968 1496 1048 ratio,

177 1075 299 1140 omisso
314 1073 506 1140 Levitarum
518 1095 620 1141 censu
638 1075 750 1142 minus
764 1076 902 1142 evidens
916 1075 1124 1142 intuentium
1140 1073 1248 1140 oculis
1261 1074 1374 1154 luisse,
1392 1095 1496 1163 quam

176 1181 277 1268 pauci
288 1201 434 1248 numero
449 1181 703 1270 comparatione
718 1181 926 1270 reliquarum
943 1179 1097 1247 tribuum
1111 1187 1221 1246 essent
1236 1180 1381 1246 Levitae.
1398 1181 1494 1270 IpsiS,

177 1309 245 1376 quo
263 1309 383 1354 census
405 1286 611 1370 habebatur,
638 1286 759 1354 diebus
782 1287 915 1354 Levitae
937 1287 1110 1353 adstantes
1135 1287 1258 1352 armati
1281 1287 1349 1374 (Ex.
1380 1285 1495 1374 3227)

177 1393 341 1482 nulloque
356 1393 422 1483 ipsi
441 1415 543 1460 censu
563 1392 731 1474 distracti,
750 1393 868 1460 efficax
886 1392 988 1480 Moysi
1003 1398 1101 1458 erant
1121 1390 1348 1481 praesidium,
1369 1413 1412 1458 ne
1427 1397 1498 1457 tur-

177 1499 240 1564 bas
253 1498 414 1565 malevoli
429 1499 586 1566 homines
601 1499 798 1566 excitarent.

274 1727 305 1787 3.
332 1719 469 1788 Levitae
493 1743 514 1786 a
539 1719 744 1788 bellatorum
768 1743 869 1787 ceusu
894 1719 1095 1787 exteruntur
1119 1723 1224 1788 Num.
1254 1725 1406 1800 tas-at.

223 1925 401 2014 Eloquium
424 1925 489 1991 hoc
507 1924 714 1993 crediderim
741 1925 861 1993 eodem
885 1925 939 1991 die
966 1925 1097 1992 editum
1122 1947 1214 2007 esse,
1240 1905 1307 2014 quo
1329 1929 1362 1991 et
1384 1924 1498 2013 priore

177 2031 313 2120 eloquio
330 2053 360 2097 v.
384 2038 399 2097 1
416 2053 489 2121 sqq.
508 2054 629 2098 census
647 2031 865 2098 indicebatur
879 2030 1040 2120 idemque
1058 2055 1091 2098 v.
1115 2037 1156 2098 18
1175 2029 1419 2120 incipiebatur.
1435 2031 1497 2108 Qui

177 2136 250 2204 dies
265 2136 382 2204 debuit
395 2158 467 2202 esse
485 2136 779 2226 occupatissimus,
799 2159 908 2226 eoque
924 2136 968 2203 ad
990 2137 1094 2204 tinem
1113 2143 1276 2222 vergente
1292 2134 1498 2202 crediderim

177 2249 282 2310 lteum
301 2243 456 2330 generali
471 2243 626 2333 alloquio
648 2266 679 2310 v.
700 2249 741 2310 ¹48
762 2265 837 2332 sqq.
861 2243 1046 2322 indicasse,
1067 2243 1127 2309 cu'r
1145 2241 1268 2309 levitae
1286 2265 1306 2308 a
1327 2262 1431 2307 censu
1446 2263 1498 2308 es-

176 2355 251 2417 sent
275 2349 440 2439 exempti,
464 2355 498 2415 ct
521 2371 692 2438 quaenam
711 2350 747 2415 in
765 2355 940 2439 posterum
961 2371 1080 2415 eorum
1104 2349 1221 2415 futura
1240 2355 1349 2414 essent
1370 2346 1495 2414 officia.

177 2457 338 2543 Singulae
356 2478 435 2523 vero
450 2455 560 2523 tribus
579 2456 615 2521 in
634 2455 719 2536 suis,
739 2477 881 2546 quaeso
898 2461 1005 2544 usque'
1023 2455 1260 2533 obtinuerant,
1278 2452 1397 2520 castris
1417 2460 1497 2519 sunt

176 2570 395 2644 numeratae,
419 2569 452 2628 et
470 2564 589 2651 utiquc
608 2561 683 2651 ipso
707 2583 826 2629 census
845 2563 901 2628 die
924 2560 961 2627 in
980 2583 1068 2628 nova
1083 2565 1192 2628 castra
1206 2582 1277 2628 non
1291 2560 1499 2648 commigra-

178 2679 311 2736 verunt.

223 2799 253 2843 v.
277 2783 318 2844 '48
337 2806 352 2836 «
379 2779 591 2864 locutusque
611 2787 660 2841 est
673 2776 838 2842 Douu'nus
853 2775 901 2841 ad
915 2777 1056 2864 Moysen
1073 2774 1190 2841 diceus
1208 2804 1223 2834 »
1242 2797 1256 2840 .·
1273 2797 1305 2840 v.
1324 2781 1364 2842 te
1387 2803 1401 2834 α
1424 2773 1498 2840 Tri-

177 2885 255 2948 tum
268 2882 349 2948 Levi
371 2881 446 2948 reali
469 2903 666 2962 rtumerare,
686 2903 796 2972 neque
807 2904 917 2972 portes
936 2903 1104 2948 summam
1123 2904 1240 2948 eorum
1262 2904 1339 2947 eum
1354 2879 1437 2970 fittts
1450 2883 1500 2946 ls-

176 2988 250 3056 rael
265 3011 298 3071 »ς
318 3010 351 3055 v.
376 2995 418 3056 50
443 3017 459 3050 «
482 2988 542 3055 secl
563 2988 729 3054 constitue
751 3017 767 3050 »
794 3025 838 3038 -
861 2991 962 3054 Hebr.
990 2988 1201 3077 computabis
1223 3027 1266 3036 —
1289 3015 1305 3048 «
1327 3010 1382 3054 eas
1396 3009 1517 3076 suaper.

179 3093 436 3164 tabemaaulum
463 3122 479 3156 u
496 3133 539 3144 -
560 3095 661 3161 Hebr.
681 3093 919 3161 habitaculum
936 3134 980 3144 -
1002 3125 1016 3155 a
1032 3093 1221 3162 testimonii
1232 3107 1263 3160 et
1279 3104 1402 3160 structa
1417 3115 1499 3160 casa

177 3203 266 3288 eius,
287 3199 505 3291 etquidquid
522 3199 569 3267 ad
583 3201 819 3288 [ceremonias]
833 3201 997 3291 pertinet.
1016 3200 1086 3290 Ipsi
1098 3203 1285 3290 portabunt
1298 3201 1500 3266 tabernacu-

177 3309 248 3375 lum
264 3337 279 3368 »
302 3345 343 3360 -
359 3306 594 3394 babitaculum
619 3343 663 3356 -
690 3333 706 3368 α
729 3321 762 3374 et
780 3307 897 3374 omm'a
916 3305 1078 3374 utensilia
1097 3307 1190 3388 eius;
1213 3319 1245 3372 et
1260 3316 1360 3371 eruut
1375 3305 1412 3370 ira
1431 3305 1499 3372 mi-

176 3415 330 3497 nisterio,
349 3436 389 3482 ac
401 3437 464 3504 per
477 3435 604 3503 pyrum
619 3412 834 3480 tabernaculi
848 3416 1072 3480 metabuntur
1090 3441 1119 3480 ».
1138 3427 1208 3476 narr
1224 3411 1310 3478 edici
1326 3409 1499 3500 imprimis

177 3521 219 3588 de
235 3521 423 3588 ministerio
437 3543 533 3588 sacro
546 3520 773 3586 monebamus
787 3521 829 3587 ad
842 3525 898 3586 Ex.
914 3525 1029 3600 ital&
1047 3542 1080 3584 v.
1097 3526 1136 3586 51
1155 3547 1170 3578 α
1190 3520 1273 3585 Cum
1280 3517 1499 3608 proficiscen-

177 3628 260 3695 darm
279 3627 399 3714 suerit,
424 3625 594 3716 deportent
615 3625 737 3693 levitae
764 3625 1044 3708 tabernaculum
1066 3648 1143 3692 curu
1167 3622 1496 3702 castrametandum,

178 3733 320 3823 eriperet.
351 3733 514 3822 Quisquis
533 3746 751 3800 extremorum
771 3761 799 3819 a,
818 3734 842 3800 i.
863 3755 892 3800 e.
909 3731 1070 3799 similiter
1088 3739 1191 3823 atque
1206 3738 1283 3799 Lev.
1302 3737 1406 3813 2210
1430 3753 1499 3797 non

178 3840 358 3908 levitarum
382 3839 520 3930 (Arra),
544 3867 560 3900 (ι
584 3839 774 3923 accesserit,
795 3837 1016 3906 occidetur».
1035 3838 1124 3906 Ordo
1151 3838 1286 3907 iuturus
1310 3843 1497 3904 castrorum

178 3945 334 4034 generali
361 3947 493 4013 ratione
524 3945 762 4027 adumbratur,
795 3946 930 4032 singula
954 3947 1024 4012 suis
1053 3945 1266 4034 temporibus
1297 3941 1499 4033 explicanda

178 4053 431 4144 relinquuntur.
452 4075 484 4120 v.
506 4059 548 4120 52
566 4081 581 4113 «
609 4053 830 4120 llletabuutur
844 4063 960 4119 autem
981 4063 1094 4119 castra
1109 4051 1180 4140 filii
1194 4051 1302 4130 Israel
1320 4048 1500 4138 rrutrsqm's·

179 4183 245 4250 quc
257 4182 322 4250 per
336 4172 465 4226 turmas
481 4171 512 4226 et
531 4181 654 4226 cuneos
673 4171 777 4248 atque
790 4157 978 4225 eremitam
997 4181 1098 4225 starem
1115 4187 1145 4226 ».
1165 4160 1266 4224 Hebr.
1287 4153 1498 4245 :trrursqm's-

180 4289 245 4356 que
267 4265 441 4333 incastris
467 4265 554 4346 suis,
571 4265 595 4332 i.
616 4287 646 4331 e.
673 4286 755 4333 suae
777 4265 901 4347 tribus,
924 4266 1161 4354 ttettsqttisquc
1186 4265 1247 4328 sub
1272 4261 1394 4329 uexillo
1419 4285 1497 4345 stra,

180 4372 365 4440 secuudum
384 4371 530 4460 apruiua
548 4395 676 4438 earum.
694 4372 813 4461 Aliqua
833 4372 1080 4462 Aegyptiorum
1096 4369 1221 4436 vexilla
1238 4368 1372 4458 depicta
1392 4369 1500 4435 habes

180 4479 273 4569 apud
298 4481 430 4545 Erruau
455 4503 490 4568 p.
515 4486 590 4545 tta.
621 4503 652 4546 v.
672 4486 713 4546 53
739 4506 755 4541 ι(
779 4481 886 4544 Porro
909 4477 1032 4545 leuitae
1051 4500 1116 4568 per
1138 4497 1264 4565 pyrum
1288 4475 1500 4542 tuberuaculi

176 4585 286 4676 (iperet
297 4585 460 4670 tentoria,
475 4608 516 4651 ue
523 4583 789 4674 fiatimliqaatio
802 4583 1173 4675 supermultitrulmem
1184 4581 1336 4673 filiorum
1348 4581 1457 4648 lsrael
1468 4611 1497 4665 a,

180 4691 354 4782 aliquibus
379 4691 482 4759 nimis
502 4713 610 4780 prope
631 4692 816 4778 figentibus
843 4691 1065 4758 tabernacula
1086 4713 1146 4757 sua
1173 4698 1236 4756 etc.
1265 4687 1408 4777 (Splai,
1437 4709 1500 4776 pro

180 4821 249 4890 qua
276 4799 499 4867 irreverentia
526 4796 709 4864 multitudo
737 4805 821 4866 esset
841 4798 1033 4888 punienda,
1059 4797 1123 4863 nisi
1144 4798 1218 4886 ipsa
1242 4794 1414 4884 deputatis
1438 4815 1501 4882 pro
