<?xml version="1.0" encoding="UTF-8"?>
<!DOCTYPE html PUBLIC "-//W3C//DTD XHTML 1.0 Transitional//EN"
    "http://www.w3.org/TR/xhtml1/DTD/xhtml1-transitional.dtd">
<html xmlns="http://www.w3.org/1999/xhtml" xml:lang="en" lang="en">
 <head>
  <title>
</title>
<meta http-equiv="Content-Type" content="text/html;charset=utf-8" />
  <meta name='ocr-system' content='tesseract 3.04.00' />
  <meta name='ocr-capabilities' content='ocr_page ocr_carea ocr_par ocr_line ocrx_word'/>
</head>
<body>
  <div class='ocr_page' id='page_1' title='image "./commentariusinn00hummgoog_0392.png"; bbox 0 0 3554 5406; ppageno 0'>
   <div class='ocr_carea' id='block_1_1' title="bbox 749 452 1544 522">
    <p class='ocr_par' dir='ltr' id='par_1_1' title="bbox 749 452 1544 522">
     <span class='ocr_line' id='line_1_1' title="bbox 749 452 1544 522; baseline 0 -12"><span class='ocrx_word' id='word_1_1' title='bbox 749 467 822 512; x_wconf 87' lang='grc'><strong>11111.</strong></span> <span class='ocrx_word' id='word_1_2' title='bbox 846 453 938 522; x_wconf 76' lang='lat'><em>3:3,33</em></span> <span class='ocrx_word' id='word_1_3' title='bbox 959 469 1021 522; x_wconf 83' lang='lat' dir='ltr'><em>see.</em></span> <span class='ocrx_word' id='word_1_4' title='bbox 1486 452 1544 510; x_wconf 83' lang='grc'><strong>319</strong></span> 
     </span>
    </p>
   </div>
   <div class='ocr_carea' id='block_1_2' title="bbox 219 597 1547 1758">
    <p class='ocr_par' dir='ltr' id='par_1_2' title="bbox 219 597 1547 1758">
     <span class='ocr_line' id='line_1_2' title="bbox 225 597 1544 693; baseline 0.002 -29"><span class='ocrx_word' id='word_1_5' title='bbox 225 597 329 664; x_wconf 79' lang='lat' dir='ltr'><em>luatis</em></span> <span class='ocrx_word' id='word_1_6' title='bbox 355 611 479 665; x_wconf 85' lang='lat' dir='ltr'><em>terrum</em></span> <span class='ocrx_word' id='word_1_7' title='bbox 499 597 721 666; x_wconf 80' lang='lat' dir='ltr'><em>habitationis</em></span> <span class='ocrx_word' id='word_1_8' title='bbox 741 615 887 687; x_wconf 85' lang='lat' dir='ltr'><em>uestrae,</em></span> <span class='ocrx_word' id='word_1_9' title='bbox 908 625 998 693; x_wconf 81' lang='lat' dir='ltr'><em>quoe</em></span> <span class='ocrx_word' id='word_1_10' title='bbox 1028 633 1043 666; x_wconf 89' lang='lat'>»</span> <span class='ocrx_word' id='word_1_11' title='bbox 1068 641 1113 654; x_wconf 91' lang='lat'>—</span> <span class='ocrx_word' id='word_1_12' title='bbox 1137 605 1239 670; x_wconf 85' lang='lat' dir='ltr'><em>Hebr.</em></span> <span class='ocrx_word' id='word_1_13' title='bbox 1261 623 1274 666; x_wconf 92' lang='grc'><em>.·</em></span> <span class='ocrx_word' id='word_1_14' title='bbox 1294 602 1378 692; x_wconf 83' lang='lat' dir='ltr'><em>qtciu</em></span> <span class='ocrx_word' id='word_1_15' title='bbox 1403 601 1544 692; x_wconf 71' lang='lat' dir='ltr'><em>sanquis</em></span> 
     </span>
     <span class='ocr_line' id='line_1_3' title="bbox 224 703 1546 800; baseline 0.004 -31"><span class='ocrx_word' id='word_1_16' title='bbox 224 704 295 794; x_wconf 85' lang='lat' dir='ltr'><em>ipse</em></span> <span class='ocrx_word' id='word_1_17' title='bbox 315 703 442 795; x_wconf 86' lang='lat' dir='ltr'><em>polluit</em></span> <span class='ocrx_word' id='word_1_18' title='bbox 464 717 590 772; x_wconf 86' lang='lat' dir='ltr'><em>terrum</em></span> <span class='ocrx_word' id='word_1_19' title='bbox 609 745 653 756; x_wconf 90' lang='lat'><em>-</em></span> <span class='ocrx_word' id='word_1_20' title='bbox 672 735 687 767; x_wconf 81' lang='grc'><strong>1</strong></span> <span class='ocrx_word' id='word_1_21' title='bbox 708 707 921 799; x_wconf 79' lang='lat' dir='ltr'><em>[insontium]</em></span> <span class='ocrx_word' id='word_1_22' title='bbox 942 733 1061 777; x_wconf 79' lang='lat' dir='ltr'><em>errrore</em></span> <span class='ocrx_word' id='word_1_23' title='bbox 1077 709 1276 777; x_wconf 85' lang='lat' dir='ltr'><em>nnnnlutnr</em></span> <span class='ocrx_word' id='word_1_24' title='bbox 1290 731 1351 776; x_wconf 86' lang='lat' dir='ltr'><em>nec</em></span> <span class='ocrx_word' id='word_1_25' title='bbox 1370 709 1473 776; x_wconf 71' lang='lat' dir='ltr'><em>{iliter</em></span> <span class='ocrx_word' id='word_1_26' title='bbox 1487 731 1546 800; x_wconf 70' lang='lat' dir='ltr'><em>er-</em></span> 
     </span>
     <span class='ocr_line' id='line_1_4' title="bbox 219 811 1544 906; baseline 0.004 -30"><span class='ocrx_word' id='word_1_27' title='bbox 219 811 315 900; x_wconf 81' lang='lat' dir='ltr'><em>piari</em></span> <span class='ocrx_word' id='word_1_28' title='bbox 331 823 458 900; x_wconf 85' lang='lat' dir='ltr'><em>potest,</em></span> <span class='ocrx_word' id='word_1_29' title='bbox 481 811 551 878; x_wconf 88' lang='lat' dir='ltr'><em>nisi</em></span> <span class='ocrx_word' id='word_1_30' title='bbox 569 833 632 902; x_wconf 87' lang='lat' dir='ltr'><em>per</em></span> <span class='ocrx_word' id='word_1_31' title='bbox 645 813 719 880; x_wconf 81' lang='lat' dir='ltr'><em>citis</em></span> <span class='ocrx_word' id='word_1_32' title='bbox 735 815 960 906; x_wconf 76' lang='lat' dir='ltr'><strong><em>sanquinem,</em></strong></span> <span class='ocrx_word' id='word_1_33' title='bbox 978 817 1042 906; x_wconf 81' lang='lat' dir='ltr'><em>qnt</em></span> <span class='ocrx_word' id='word_1_34' title='bbox 1056 816 1200 883; x_wconf 86' lang='lat' dir='ltr'><em>alterins</em></span> <span class='ocrx_word' id='word_1_35' title='bbox 1218 816 1426 904; x_wconf 72' lang='lat' dir='ltr'><em>sanquinem</em></span> <span class='ocrx_word' id='word_1_36' title='bbox 1441 814 1544 902; x_wconf 79' lang='lat' dir='ltr'><em>sudc-</em></span> 
     </span>
     <span class='ocr_line' id='line_1_5' title="bbox 224 913 1543 1012; baseline 0.003 -28"><span class='ocrx_word' id='word_1_37' title='bbox 224 917 270 984; x_wconf 86' lang='lat' dir='ltr'><em>rit</em></span> <span class='ocrx_word' id='word_1_38' title='bbox 290 945 320 984; x_wconf 76' lang='lat' dir='ltr'><em>a.</em></span> <span class='ocrx_word' id='word_1_39' title='bbox 346 917 394 984; x_wconf 86' lang='lat' dir='ltr'><em>ef.</em></span> <span class='ocrx_word' id='word_1_40' title='bbox 417 923 497 986; x_wconf 85' lang='lat' dir='ltr'><strong>Gen.</strong></span> <span class='ocrx_word' id='word_1_41' title='bbox 516 925 584 1000; x_wconf 85' lang='lat'><em>9,6.</em></span> <span class='ocrx_word' id='word_1_42' title='bbox 609 943 639 987; x_wconf 90' lang='lat' dir='ltr'><em>v.</em></span> <span class='ocrx_word' id='word_1_43' title='bbox 658 913 699 988; x_wconf 77' lang='lat' dir='ltr'><em>3t</em></span> <span class='ocrx_word' id='word_1_44' title='bbox 723 947 739 982; x_wconf 82' lang='lat' dir='ltr'><em>n</em></span> <span class='ocrx_word' id='word_1_45' title='bbox 760 923 871 1011; x_wconf 81' lang='lat' dir='ltr'><em>Atque</em></span> <span class='ocrx_word' id='word_1_46' title='bbox 891 921 963 1012; x_wconf 73' lang='lat' dir='ltr'><em>[ito]</em></span> <span class='ocrx_word' id='word_1_47' title='bbox 981 923 1224 990; x_wconf 78' lang='lat' dir='ltr'><em>emundabitur</em></span> <span class='ocrx_word' id='word_1_48' title='bbox 1240 937 1349 988; x_wconf 84' lang='lat' dir='ltr'><em>restro</em></span> <span class='ocrx_word' id='word_1_49' title='bbox 1362 923 1543 1012; x_wconf 84' lang='lat' dir='ltr'><em>possessio,</em></span> 
     </span>
     <span class='ocr_line' id='line_1_6' title="bbox 224 1025 1544 1118; baseline 0.003 -28"><span class='ocrx_word' id='word_1_50' title='bbox 224 1046 276 1090; x_wconf 90' lang='lat' dir='ltr'><em>me</em></span> <span class='ocrx_word' id='word_1_51' title='bbox 289 1037 519 1090; x_wconf 79' lang='lat' dir='ltr'><em>commorante</em></span> <span class='ocrx_word' id='word_1_52' title='bbox 533 1025 704 1092; x_wconf 80' lang='lat' dir='ltr'><em>nobiscnm</em></span> <span class='ocrx_word' id='word_1_53' title='bbox 719 1053 749 1094; x_wconf 76' lang='lat' dir='ltr'><em>a.</em></span> <span class='ocrx_word' id='word_1_54' title='bbox 764 1028 830 1094; x_wconf 86' lang='lat' dir='ltr'><em>Sed</em></span> <span class='ocrx_word' id='word_1_55' title='bbox 844 1030 945 1095; x_wconf 88' lang='lat' dir='ltr'><em>chr.</em></span> <span class='ocrx_word' id='word_1_56' title='bbox 965 1049 977 1093; x_wconf 93' lang='lat'><em>.·</em></span> <span class='ocrx_word' id='word_1_57' title='bbox 992 1052 1034 1096; x_wconf 91' lang='lat' dir='ltr'><em>nc</em></span> <span class='ocrx_word' id='word_1_58' title='bbox 1043 1029 1226 1118; x_wconf 81' lang='lat' dir='ltr'><em>polluatur</em></span> <span class='ocrx_word' id='word_1_59' title='bbox 1241 1035 1288 1111; x_wconf 88' lang='lat' dir='ltr'><em>et,</em></span> <span class='ocrx_word' id='word_1_60' title='bbox 1308 1029 1428 1094; x_wconf 90' lang='lat' dir='ltr'><em>melius</em></span> <span class='ocrx_word' id='word_1_61' title='bbox 1438 1049 1544 1118; x_wconf 92' lang='lat' dir='ltr'><em>pune-</em></span> 
     </span>
     <span class='ocr_line' id='line_1_7' title="bbox 223 1131 1545 1226; baseline 0.002 -30"><span class='ocrx_word' id='word_1_62' title='bbox 223 1134 334 1198; x_wconf 87' lang='lat' dir='ltr'><em>tantes</em></span> <span class='ocrx_word' id='word_1_63' title='bbox 355 1131 448 1198; x_wconf 88' lang='lat' dir='ltr'><em>Sum.</em></span> <span class='ocrx_word' id='word_1_64' title='bbox 467 1133 558 1198; x_wconf 87' lang='lat' dir='ltr'><em>LXX</em></span> <span class='ocrx_word' id='word_1_65' title='bbox 575 1131 696 1199; x_wconf 79' lang='lat' dir='ltr'><em>ctatt.</em></span> <span class='ocrx_word' id='word_1_66' title='bbox 713 1135 792 1220; x_wconf 70' lang='lat' dir='ltr'><em>Syr.</em></span> <span class='ocrx_word' id='word_1_67' title='bbox 814 1155 828 1199; x_wconf 93' lang='lat'><em>.·</em></span> <span class='ocrx_word' id='word_1_68' title='bbox 847 1157 889 1202; x_wconf 90' lang='lat' dir='ltr'><em>nc</em></span> <span class='ocrx_word' id='word_1_69' title='bbox 898 1134 1085 1226; x_wconf 76' lang='lat' dir='ltr'><em>policratis,</em></span> <span class='ocrx_word' id='word_1_70' title='bbox 1106 1158 1175 1226; x_wconf 89' lang='lat' dir='ltr'><em>quo</em></span> <span class='ocrx_word' id='word_1_71' title='bbox 1193 1135 1339 1226; x_wconf 82' lang='lat' dir='ltr'>pulcher</span> <span class='ocrx_word' id='word_1_72' title='bbox 1353 1157 1433 1202; x_wconf 91' lang='lat' dir='ltr'><em>cum</em></span> <span class='ocrx_word' id='word_1_73' title='bbox 1453 1157 1485 1201; x_wconf 89' lang='grc' dir='ltr'><em>ν.</em></span> <span class='ocrx_word' id='word_1_74' title='bbox 1504 1140 1545 1200; x_wconf 83' lang='grc'><em>33</em></span> 
     </span>
     <span class='ocr_line' id='line_1_8' title="bbox 224 1237 1547 1334; baseline 0.001 -30"><span class='ocrx_word' id='word_1_75' title='bbox 224 1237 373 1306; x_wconf 80' lang='lat' dir='ltr'><em>hahetur</em></span> <span class='ocrx_word' id='word_1_76' title='bbox 387 1238 651 1326; x_wconf 88' lang='lat' dir='ltr'><em>parallelismus.</em></span> <span class='ocrx_word' id='word_1_77' title='bbox 669 1243 783 1328; x_wconf 83' lang='lat' dir='ltr'><em>Ergo:</em></span> <span class='ocrx_word' id='word_1_78' title='bbox 805 1263 917 1331; x_wconf 87' lang='lat' dir='ltr'><em>neque</em></span> <span class='ocrx_word' id='word_1_79' title='bbox 929 1241 1101 1334; x_wconf 83' lang='lat' dir='ltr'><em>polluatis</em></span> <span class='ocrx_word' id='word_1_80' title='bbox 1122 1254 1264 1323; x_wconf 87' lang='lat' dir='ltr'><em>terrum,</em></span> <span class='ocrx_word' id='word_1_81' title='bbox 1282 1263 1388 1332; x_wconf 86' lang='lat' dir='ltr'><em>qnam</em></span> <span class='ocrx_word' id='word_1_82' title='bbox 1407 1263 1470 1330; x_wconf 76' lang='lat' dir='ltr'><em>epo</em></span> <span class='ocrx_word' id='word_1_83' title='bbox 1491 1241 1547 1306; x_wconf 87' lang='lat' dir='ltr'><em>in-</em></span> 
     </span>
     <span class='ocr_line' id='line_1_9' title="bbox 227 1344 1547 1440; baseline 0.002 -28"><span class='ocrx_word' id='word_1_84' title='bbox 227 1344 299 1412; x_wconf 89' lang='lat' dir='ltr'><em>colo</em></span> <span class='ocrx_word' id='word_1_85' title='bbox 320 1364 332 1408; x_wconf 95' lang='grc'><em>.·</em></span> <span class='ocrx_word' id='word_1_86' title='bbox 347 1344 473 1411; x_wconf 87' lang='lat' dir='ltr'><em>etenim</em></span> <span class='ocrx_word' id='word_1_87' title='bbox 485 1367 548 1434; x_wconf 76' lang='lat' dir='ltr'><em>eqo</em></span> <span class='ocrx_word' id='word_1_88' title='bbox 563 1344 679 1412; x_wconf 79' lang='lat' dir='ltr'><em>lubitu</em></span> <span class='ocrx_word' id='word_1_89' title='bbox 700 1347 737 1412; x_wconf 91' lang='lat' dir='ltr'><em>in</em></span> <span class='ocrx_word' id='word_1_90' title='bbox 756 1345 869 1414; x_wconf 87' lang='lat' dir='ltr'><em>medio</em></span> <span class='ocrx_word' id='word_1_91' title='bbox 887 1349 1000 1418; x_wconf 85' lang='lat' dir='ltr'><em>uestri.</em></span> <span class='ocrx_word' id='word_1_92' title='bbox 1026 1349 1074 1417; x_wconf 84' lang='lat' dir='ltr'><em>Gi.</em></span> <span class='ocrx_word' id='word_1_93' title='bbox 1099 1353 1155 1440; x_wconf 66' lang='lat' dir='ltr'><em>Es.</em></span> <span class='ocrx_word' id='word_1_94' title='bbox 1179 1353 1280 1433; x_wconf 70' lang='lat' dir='ltr'><em>29,b3</em></span> <span class='ocrx_word' id='word_1_95' title='bbox 1303 1369 1378 1439; x_wconf 90' lang='lat' dir='ltr'><strong>sqq.</strong></span> <span class='ocrx_word' id='word_1_96' title='bbox 1401 1347 1547 1416; x_wconf 86' lang='lat' dir='ltr'><em>Pulchra</em></span> 
     </span>
     <span class='ocr_line' id='line_1_10' title="bbox 226 1449 1545 1546; baseline 0.003 -30"><span class='ocrx_word' id='word_1_97' title='bbox 226 1449 411 1538; x_wconf 75' lang='lat' dir='ltr'><em>gradatio:</em></span> <span class='ocrx_word' id='word_1_98' title='bbox 428 1451 597 1538; x_wconf 80' lang='lat' dir='ltr'><em>sanguine</em></span> <span class='ocrx_word' id='word_1_99' title='bbox 609 1452 714 1520; x_wconf 84' lang='lat' dir='ltr'><em>effuso</em></span> <span class='ocrx_word' id='word_1_100' title='bbox 729 1453 896 1544; x_wconf 81' lang='lat' dir='ltr'><strong>polluitur</strong></span> <span class='ocrx_word' id='word_1_101' title='bbox 910 1462 1019 1536; x_wconf 88' lang='lat' dir='ltr'><em>terra,</em></span> <span class='ocrx_word' id='word_1_102' title='bbox 1035 1457 1070 1522; x_wconf 91' lang='lat' dir='ltr'><em>in</em></span> <span class='ocrx_word' id='word_1_103' title='bbox 1086 1478 1155 1546; x_wconf 89' lang='lat' dir='ltr'><em>qua</em></span> <span class='ocrx_word' id='word_1_104' title='bbox 1167 1453 1236 1545; x_wconf 87' lang='lat' dir='ltr'><em>ipsi</em></span> <span class='ocrx_word' id='word_1_105' title='bbox 1250 1455 1422 1536; x_wconf 87' lang='lat' dir='ltr'><em>habitant,</em></span> <span class='ocrx_word' id='word_1_106' title='bbox 1440 1459 1545 1534; x_wconf 90' lang='lat' dir='ltr'><em>terra,</em></span> 
     </span>
     <span class='ocr_line' id='line_1_11' title="bbox 226 1557 1542 1650; baseline 0.005 -28"><span class='ocrx_word' id='word_1_107' title='bbox 226 1557 261 1623; x_wconf 92' lang='lat' dir='ltr'><em>in</em></span> <span class='ocrx_word' id='word_1_108' title='bbox 289 1579 358 1647; x_wconf 90' lang='lat' dir='ltr'><em>qua</em></span> <span class='ocrx_word' id='word_1_109' title='bbox 383 1557 485 1625; x_wconf 90' lang='lat' dir='ltr'><em>tahve</em></span> <span class='ocrx_word' id='word_1_110' title='bbox 507 1557 650 1628; x_wconf 86' lang='lat' dir='ltr'><em>habitat.</em></span> <span class='ocrx_word' id='word_1_111' title='bbox 675 1563 714 1628; x_wconf 86' lang='lat' dir='ltr'><em>n</em></span> <span class='ocrx_word' id='word_1_112' title='bbox 739 1565 818 1650; x_wconf 86' lang='lat' dir='ltr'><em>apte</em></span> <span class='ocrx_word' id='word_1_113' title='bbox 841 1561 1060 1630; x_wconf 80' lang='lat' dir='ltr'><strong>concluditur</strong></span> <span class='ocrx_word' id='word_1_114' title='bbox 1085 1561 1193 1629; x_wconf 89' lang='lat' dir='ltr'><em>veluti</em></span> <span class='ocrx_word' id='word_1_115' title='bbox 1218 1560 1333 1648; x_wconf 79' lang='lat' dir='ltr'><em>sigillo</em></span> <span class='ocrx_word' id='word_1_116' title='bbox 1359 1561 1509 1630; x_wconf 75' lang='lat' dir='ltr'><em>formula</em></span> <span class='ocrx_word' id='word_1_117' title='bbox 1535 1582 1542 1629; x_wconf 93' lang='lat'><strong>:</strong></span> 
     </span>
     <span class='ocr_line' id='line_1_12' title="bbox 230 1662 1340 1758; baseline 0.006 -29"><span class='ocrx_word' id='word_1_118' title='bbox 230 1691 245 1724; x_wconf 78' lang='lat' dir='ltr'><em>n</em></span> <span class='ocrx_word' id='word_1_119' title='bbox 262 1666 338 1754; x_wconf 71' lang='lat' dir='ltr'><em>Euo</em></span> <span class='ocrx_word' id='word_1_120' title='bbox 352 1662 466 1752; x_wconf 80' lang='lat' dir='ltr'><em>[enim]</em></span> <span class='ocrx_word' id='word_1_121' title='bbox 481 1687 557 1731; x_wconf 90' lang='lat' dir='ltr'><em>snm</em></span> <span class='ocrx_word' id='word_1_122' title='bbox 573 1664 751 1748; x_wconf 85' lang='lat' dir='ltr'><em>Dominus,</em></span> <span class='ocrx_word' id='word_1_123' title='bbox 768 1667 830 1758; x_wconf 82' lang='lat' dir='ltr'><em>qni</em></span> <span class='ocrx_word' id='word_1_124' title='bbox 848 1666 962 1735; x_wconf 80' lang='lat' dir='ltr'><em>babitu</em></span> <span class='ocrx_word' id='word_1_125' title='bbox 983 1669 1070 1735; x_wconf 84' lang='lat' dir='ltr'><em>inter</em></span> <span class='ocrx_word' id='word_1_126' title='bbox 1080 1668 1172 1758; x_wconf 73' lang='lat' dir='ltr'><em>filios</em></span> <span class='ocrx_word' id='word_1_127' title='bbox 1189 1667 1296 1736; x_wconf 85' lang='lat' dir='ltr'><em>lsrael</em></span> <span class='ocrx_word' id='word_1_128' title='bbox 1310 1696 1340 1736; x_wconf 78' lang='lat' dir='ltr'><em>n.</em></span> 
     </span>
    </p>
   </div>
   <div class='ocr_carea' id='block_1_3' title="bbox 329 1895 1441 1984">
    <p class='ocr_par' dir='ltr' id='par_1_3' title="bbox 329 1895 1441 1984">
     <span class='ocr_line' id='line_1_13' title="bbox 329 1895 1441 1984; baseline 0.004 -25"><span class='ocrx_word' id='word_1_129' title='bbox 329 1899 359 1961; x_wconf 87' lang='lat' dir='ltr'><em>t.</em></span> <span class='ocrx_word' id='word_1_130' title='bbox 377 1899 425 1960; x_wconf 86' lang='lat' dir='ltr'><em>De</em></span> <span class='ocrx_word' id='word_1_131' title='bbox 440 1896 589 1962; x_wconf 83' lang='lat' dir='ltr'><em>trilnnmt</em></span> <span class='ocrx_word' id='word_1_132' title='bbox 601 1895 729 1984; x_wconf 80' lang='lat' dir='ltr'><em>finibns</em></span> <span class='ocrx_word' id='word_1_133' title='bbox 744 1919 813 1963; x_wconf 92' lang='lat' dir='ltr'><em>non</em></span> <span class='ocrx_word' id='word_1_134' title='bbox 829 1897 1086 1964; x_wconf 79' lang='lat' dir='ltr'><em>commiscendis</em></span> <span class='ocrx_word' id='word_1_135' title='bbox 1107 1898 1196 1965; x_wconf 87' lang='lat' dir='ltr'><em>inter</em></span> <span class='ocrx_word' id='word_1_136' title='bbox 1210 1921 1244 1965; x_wconf 92' lang='lat' dir='ltr'><em>se</em></span> <span class='ocrx_word' id='word_1_137' title='bbox 1263 1901 1369 1967; x_wconf 88' lang='lat' dir='ltr'><em>Num.</em></span> <span class='ocrx_word' id='word_1_138' title='bbox 1385 1904 1441 1964; x_wconf 85' lang='lat'><em>36.</em></span> 
     </span>
    </p>
   </div>
   <div class='ocr_carea' id='block_1_4' title="bbox 226 2113 1598 3908">
    <p class='ocr_par' dir='ltr' id='par_1_4' title="bbox 226 2113 1598 3908">
     <span class='ocr_line' id='line_1_14' title="bbox 269 2113 1550 2207; baseline 0.001 -26"><span class='ocrx_word' id='word_1_139' title='bbox 269 2117 351 2204; x_wconf 77' lang='lat' dir='ltr'><em>Arq.</em></span> <span class='ocrx_word' id='word_1_140' title='bbox 376 2149 420 2162; x_wconf 84' lang='lat'>-</span> <span class='ocrx_word' id='word_1_141' title='bbox 443 2113 638 2184; x_wconf 88' lang='lat' dir='ltr'><em>Saneiverat</em></span> <span class='ocrx_word' id='word_1_142' title='bbox 662 2123 748 2183; x_wconf 85' lang='lat' dir='ltr'><em>Deus</em></span> <span class='ocrx_word' id='word_1_143' title='bbox 771 2123 850 2198; x_wconf 62' lang='lat' dir='ltr'><em>tm</em></span> <span class='ocrx_word' id='word_1_144' title='bbox 873 2117 1054 2207; x_wconf 89' lang='lat' dir='ltr'><em>antiquum</em></span> <span class='ocrx_word' id='word_1_145' title='bbox 1076 2137 1225 2202; x_wconf 89' lang='lat' dir='ltr'><em>merem,</em></span> <span class='ocrx_word' id='word_1_146' title='bbox 1248 2121 1286 2184; x_wconf 91' lang='lat' dir='ltr'><em>ut</em></span> <span class='ocrx_word' id='word_1_147' title='bbox 1309 2115 1550 2184; x_wconf 87' lang='lat' dir='ltr'><em>deficientibus</em></span> 
     </span>
     <span class='ocr_line' id='line_1_15' title="bbox 226 2219 1549 2312; baseline 0.002 -26"><span class='ocrx_word' id='word_1_148' title='bbox 226 2219 305 2288; x_wconf 87' lang='lat' dir='ltr'><em>filiis</em></span> <span class='ocrx_word' id='word_1_149' title='bbox 319 2220 514 2288; x_wconf 86' lang='lat' dir='ltr'><em>haereditas</em></span> <span class='ocrx_word' id='word_1_150' title='bbox 531 2223 639 2312; x_wconf 89' lang='lat' dir='ltr'><em>patris</em></span> <span class='ocrx_word' id='word_1_151' title='bbox 654 2221 789 2290; x_wconf 88' lang='lat' dir='ltr'><em>eederet</em></span> <span class='ocrx_word' id='word_1_152' title='bbox 808 2223 957 2291; x_wconf 83' lang='lat' dir='ltr'><em>filiabus.</em></span> <span class='ocrx_word' id='word_1_153' title='bbox 974 2229 1038 2292; x_wconf 76' lang='lat' dir='ltr'><em>ties</em></span> <span class='ocrx_word' id='word_1_154' title='bbox 1053 2224 1186 2291; x_wconf 87' lang='lat' dir='ltr'><em>nullam</em></span> <span class='ocrx_word' id='word_1_155' title='bbox 1205 2230 1279 2291; x_wconf 90' lang='lat' dir='ltr'><em>tum</em></span> <span class='ocrx_word' id='word_1_156' title='bbox 1299 2223 1471 2290; x_wconf 79' lang='lat' dir='ltr'><em>habuerat</em></span> <span class='ocrx_word' id='word_1_157' title='bbox 1485 2221 1549 2289; x_wconf 87' lang='lat' dir='ltr'><em>dit-</em></span> 
     </span>
     <span class='ocr_line' id='line_1_16' title="bbox 226 2327 1550 2420; baseline 0.001 -26"><span class='ocrx_word' id='word_1_158' title='bbox 226 2328 434 2407; x_wconf 79' lang='lat' dir='ltr'><em>fieultatem3</em></span> <span class='ocrx_word' id='word_1_159' title='bbox 452 2327 514 2394; x_wconf 88' lang='lat' dir='ltr'><em>filii</em></span> <span class='ocrx_word' id='word_1_160' title='bbox 533 2327 625 2396; x_wconf 88' lang='lat' dir='ltr'><em>filiae</em></span> <span class='ocrx_word' id='word_1_161' title='bbox 643 2329 802 2396; x_wconf 82' lang='lat' dir='ltr'><em>haeredis</em></span> <span class='ocrx_word' id='word_1_162' title='bbox 821 2330 1092 2398; x_wconf 68' lang='lat' dir='ltr'><em>{recensebantur</em></span> <span class='ocrx_word' id='word_1_163' title='bbox 1106 2329 1257 2397; x_wconf 84' lang='lat' dir='ltr'><em>familiae</em></span> <span class='ocrx_word' id='word_1_164' title='bbox 1272 2328 1380 2420; x_wconf 87' lang='lat' dir='ltr'><em>patris</em></span> <span class='ocrx_word' id='word_1_165' title='bbox 1399 2330 1469 2410; x_wconf 91' lang='lat' dir='ltr'><em>sui,</em></span> <span class='ocrx_word' id='word_1_166' title='bbox 1490 2329 1550 2418; x_wconf 91' lang='lat' dir='ltr'><em>qui</em></span> 
     </span>
     <span class='ocr_line' id='line_1_17' title="bbox 226 2433 1550 2527; baseline 0.001 -26"><span class='ocrx_word' id='word_1_167' title='bbox 226 2434 322 2501; x_wconf 92' lang='lat' dir='ltr'><em>illam</em></span> <span class='ocrx_word' id='word_1_168' title='bbox 343 2435 529 2502; x_wconf 81' lang='lat' dir='ltr'><em>haeredem</em></span> <span class='ocrx_word' id='word_1_169' title='bbox 548 2433 711 2519; x_wconf 79' lang='lat' dir='ltr'><em>duxisset;</em></span> <span class='ocrx_word' id='word_1_170' title='bbox 733 2457 845 2526; x_wconf 89' lang='lat' dir='ltr'><em>neque</em></span> <span class='ocrx_word' id='word_1_171' title='bbox 867 2442 967 2504; x_wconf 88' lang='lat' dir='ltr'><em>erant</em></span> <span class='ocrx_word' id='word_1_172' title='bbox 993 2436 1108 2518; x_wconf 89' lang='lat' dir='ltr'><em>fundi,</em></span> <span class='ocrx_word' id='word_1_173' title='bbox 1125 2436 1185 2527; x_wconf 92' lang='lat' dir='ltr'><em>qui</em></span> <span class='ocrx_word' id='word_1_174' title='bbox 1206 2434 1419 2504; x_wconf 87' lang='lat' dir='ltr'><em>haereditate</em></span> <span class='ocrx_word' id='word_1_175' title='bbox 1439 2443 1550 2504; x_wconf 86' lang='lat' dir='ltr'><em>trans·</em></span> 
     </span>
     <span class='ocr_line' id='line_1_18' title="bbox 229 2540 1550 2632; baseline 0.001 -25"><span class='ocrx_word' id='word_1_176' title='bbox 229 2540 457 2609; x_wconf 87' lang='lat' dir='ltr'><em>mitterentur.</em></span> <span class='ocrx_word' id='word_1_177' title='bbox 474 2545 517 2609; x_wconf 83' lang='lat' dir='ltr'><em>tt</em></span> <span class='ocrx_word' id='word_1_178' title='bbox 533 2541 664 2608; x_wconf 87' lang='lat' dir='ltr'><em>oritura</em></span> <span class='ocrx_word' id='word_1_179' title='bbox 679 2547 753 2609; x_wconf 90' lang='lat' dir='ltr'><em>erat</em></span> <span class='ocrx_word' id='word_1_180' title='bbox 767 2543 883 2629; x_wconf 79' lang='lat' dir='ltr'><em>gravis</em></span> <span class='ocrx_word' id='word_1_181' title='bbox 896 2541 1093 2625; x_wconf 84' lang='lat' dir='ltr'><em>difficultas,</em></span> <span class='ocrx_word' id='word_1_182' title='bbox 1109 2540 1249 2632; x_wconf 89' lang='lat' dir='ltr'><em>quando</em></span> <span class='ocrx_word' id='word_1_183' title='bbox 1266 2541 1424 2629; x_wconf 81' lang='lat' dir='ltr'><em>singulae</em></span> <span class='ocrx_word' id='word_1_184' title='bbox 1438 2542 1550 2608; x_wconf 83' lang='lat' dir='ltr'><em>tribus</em></span> 
     </span>
     <span class='ocr_line' id='line_1_19' title="bbox 228 2647 1550 2739; baseline 0.001 -25"><span class='ocrx_word' id='word_1_185' title='bbox 228 2651 260 2714; x_wconf 91' lang='lat' dir='ltr'><em>et</em></span> <span class='ocrx_word' id='word_1_186' title='bbox 272 2647 425 2715; x_wconf 87' lang='lat' dir='ltr'><em>familiae</em></span> <span class='ocrx_word' id='word_1_187' title='bbox 440 2653 699 2739; x_wconf 80' lang='lat' dir='ltr'><em>permanentem</em></span> <span class='ocrx_word' id='word_1_188' title='bbox 714 2649 923 2739; x_wconf 86' lang='lat' dir='ltr'><em>accepissent</em></span> <span class='ocrx_word' id='word_1_189' title='bbox 937 2650 974 2716; x_wconf 91' lang='lat' dir='ltr'><em>in</em></span> <span class='ocrx_word' id='word_1_190' title='bbox 993 2653 1088 2717; x_wconf 89' lang='lat' dir='ltr'><em>terra</em></span> <span class='ocrx_word' id='word_1_191' title='bbox 1103 2656 1219 2718; x_wconf 87' lang='lat' dir='ltr'><em>sancta</em></span> <span class='ocrx_word' id='word_1_192' title='bbox 1239 2649 1404 2737; x_wconf 77' lang='lat' dir='ltr'><em>agrorum</em></span> <span class='ocrx_word' id='word_1_193' title='bbox 1419 2670 1550 2737; x_wconf 91' lang='lat' dir='ltr'><em>posses·</em></span> 
     </span>
     <span class='ocr_line' id='line_1_20' title="bbox 228 2751 1598 2846; baseline 0.001 -26"><span class='ocrx_word' id='word_1_194' title='bbox 228 2754 370 2820; x_wconf 88' lang='lat' dir='ltr'><em>sienem.</em></span> <span class='ocrx_word' id='word_1_195' title='bbox 387 2753 474 2833; x_wconf 85' lang='lat' dir='ltr'><em>Quid</em></span> <span class='ocrx_word' id='word_1_196' title='bbox 493 2753 522 2822; x_wconf 89' lang='lat' dir='ltr'><em>si</em></span> <span class='ocrx_word' id='word_1_197' title='bbox 537 2760 611 2822; x_wconf 91' lang='lat' dir='ltr'><em>tum</em></span> <span class='ocrx_word' id='word_1_198' title='bbox 629 2755 698 2824; x_wconf 86' lang='lat' dir='ltr'><em>filia</em></span> <span class='ocrx_word' id='word_1_199' title='bbox 716 2755 840 2824; x_wconf 90' lang='lat' dir='ltr'><em>haeres</em></span> <span class='ocrx_word' id='word_1_200' title='bbox 854 2779 890 2822; x_wconf 91' lang='lat' dir='ltr'><em>se</em></span> <span class='ocrx_word' id='word_1_201' title='bbox 904 2777 1070 2846; x_wconf 88' lang='lat' dir='ltr'><em>suamque</em></span> <span class='ocrx_word' id='word_1_202' title='bbox 1090 2754 1337 2845; x_wconf 89' lang='lat' dir='ltr'><em>possessionem</em></span> <span class='ocrx_word' id='word_1_203' title='bbox 1352 2756 1552 2822; x_wconf 78' lang='lat' dir='ltr'><em>transferret</em></span> <span class='ocrx_word' id='word_1_204' title='bbox 1595 2751 1598 2757; x_wconf 70' lang='grc'><strong>’</strong></span> 
     </span>
     <span class='ocr_line' id='line_1_21' title="bbox 227 2859 1551 2952; baseline 0 -26"><span class='ocrx_word' id='word_1_205' title='bbox 227 2860 263 2927; x_wconf 91' lang='lat' dir='ltr'><em>in</em></span> <span class='ocrx_word' id='word_1_206' title='bbox 276 2859 389 2928; x_wconf 92' lang='lat' dir='ltr'><em>virum</em></span> <span class='ocrx_word' id='word_1_207' title='bbox 403 2863 490 2929; x_wconf 88' lang='lat' dir='ltr'><em>alius</em></span> <span class='ocrx_word' id='word_1_208' title='bbox 503 2861 634 2928; x_wconf 81' lang='lat' dir='ltr'><em>tribus?</em></span> <span class='ocrx_word' id='word_1_209' title='bbox 646 2867 718 2929; x_wconf 88' lang='lat' dir='ltr'><em>imo</em></span> <span class='ocrx_word' id='word_1_210' title='bbox 728 2863 909 2951; x_wconf 86' lang='lat' dir='ltr'><em>premebat</em></span> <span class='ocrx_word' id='word_1_211' title='bbox 923 2864 1009 2931; x_wconf 90' lang='lat' dir='ltr'><em>haee</em></span> <span class='ocrx_word' id='word_1_212' title='bbox 1022 2861 1207 2930; x_wconf 80' lang='lat' dir='ltr'><em>difficultas</em></span> <span class='ocrx_word' id='word_1_213' title='bbox 1221 2860 1429 2946; x_wconf 74' lang='lat' dir='ltr'><em>GalaaditaS,</em></span> <span class='ocrx_word' id='word_1_214' title='bbox 1446 2883 1551 2952; x_wconf 88' lang='lat' dir='ltr'><em>penes</em></span> 
     </span>
     <span class='ocr_line' id='line_1_22' title="bbox 228 2966 1550 3057; baseline 0 -23"><span class='ocrx_word' id='word_1_215' title='bbox 228 2989 314 3057; x_wconf 88' lang='lat' dir='ltr'><em>quos</em></span> <span class='ocrx_word' id='word_1_216' title='bbox 336 2968 494 3057; x_wconf 88' lang='lat' dir='ltr'><em>quinque</em></span> <span class='ocrx_word' id='word_1_217' title='bbox 518 2975 591 3034; x_wconf 90' lang='lat' dir='ltr'><em>tum</em></span> <span class='ocrx_word' id='word_1_218' title='bbox 616 2975 715 3036; x_wconf 89' lang='lat' dir='ltr'><em>erant</em></span> <span class='ocrx_word' id='word_1_219' title='bbox 737 2969 829 3036; x_wconf 85' lang='lat' dir='ltr'><em>filiae</em></span> <span class='ocrx_word' id='word_1_220' title='bbox 853 2969 1036 3051; x_wconf 86' lang='lat' dir='ltr'><em>haeredes,</em></span> <span class='ocrx_word' id='word_1_221' title='bbox 1062 2990 1151 3057; x_wconf 90' lang='lat' dir='ltr'><em>quae</em></span> <span class='ocrx_word' id='word_1_222' title='bbox 1176 2968 1204 3034; x_wconf 92' lang='lat' dir='ltr'><em>si</em></span> <span class='ocrx_word' id='word_1_223' title='bbox 1229 2967 1375 3034; x_wconf 87' lang='lat' dir='ltr'><em>aliarum</em></span> <span class='ocrx_word' id='word_1_224' title='bbox 1396 2966 1550 3035; x_wconf 86' lang='lat' dir='ltr'><em>tribuum</em></span> 
     </span>
     <span class='ocr_line' id='line_1_23' title="bbox 228 3072 1551 3163; baseline 0.002 -23"><span class='ocrx_word' id='word_1_225' title='bbox 228 3073 309 3140; x_wconf 88' lang='lat' dir='ltr'><em>viris</em></span> <span class='ocrx_word' id='word_1_226' title='bbox 335 3076 542 3162; x_wconf 85' lang='lat' dir='ltr'><em>nupsissent,</em></span> <span class='ocrx_word' id='word_1_227' title='bbox 564 3072 608 3140; x_wconf 89' lang='lat' dir='ltr'><em>ad</em></span> <span class='ocrx_word' id='word_1_228' title='bbox 635 3074 697 3140; x_wconf 91' lang='lat' dir='ltr'><em>hos</em></span> <span class='ocrx_word' id='word_1_229' title='bbox 726 3076 954 3142; x_wconf 79' lang='lat' dir='ltr'><em>translaturus</em></span> <span class='ocrx_word' id='word_1_230' title='bbox 982 3079 1080 3141; x_wconf 89' lang='lat' dir='ltr'><em>erant</em></span> <span class='ocrx_word' id='word_1_231' title='bbox 1105 3073 1369 3163; x_wconf 83' lang='lat' dir='ltr'><em>possessionem,</em></span> <span class='ocrx_word' id='word_1_232' title='bbox 1396 3074 1551 3142; x_wconf 83' lang='lat' dir='ltr'><em>interra</em></span> 
     </span>
     <span class='ocr_line' id='line_1_24' title="bbox 229 3177 1551 3270; baseline 0.001 -24"><span class='ocrx_word' id='word_1_233' title='bbox 229 3183 345 3246; x_wconf 90' lang='lat' dir='ltr'><em>saneta</em></span> <span class='ocrx_word' id='word_1_234' title='bbox 362 3179 426 3245; x_wconf 88' lang='lat' dir='ltr'><em>sibi</em></span> <span class='ocrx_word' id='word_1_235' title='bbox 441 3177 627 3267; x_wconf 90' lang='lat' dir='ltr'><em>aliquando</em></span> <span class='ocrx_word' id='word_1_236' title='bbox 646 3177 786 3246; x_wconf 89' lang='lat' dir='ltr'><em>nomine</em></span> <span class='ocrx_word' id='word_1_237' title='bbox 802 3181 912 3270; x_wconf 90' lang='lat' dir='ltr'><em>patris</em></span> <span class='ocrx_word' id='word_1_238' title='bbox 932 3182 985 3248; x_wconf 94' lang='lat' dir='ltr'><em>sui</em></span> <span class='ocrx_word' id='word_1_239' title='bbox 1008 3178 1182 3269; x_wconf 87' lang='lat' dir='ltr'><em>Salphaad</em></span> <span class='ocrx_word' id='word_1_240' title='bbox 1206 3179 1461 3265; x_wconf 81' lang='lat' dir='ltr'><em>assignandam.</em></span> <span class='ocrx_word' id='word_1_241' title='bbox 1483 3185 1551 3249; x_wconf 86' lang='lat' dir='ltr'><em>Cur</em></span> 
     </span>
     <span class='ocr_line' id='line_1_25' title="bbox 228 3285 1549 3376; baseline 0.001 -24"><span class='ocrx_word' id='word_1_242' title='bbox 228 3286 317 3352; x_wconf 90' lang='lat' dir='ltr'><em>hane</em></span> <span class='ocrx_word' id='word_1_243' title='bbox 338 3307 412 3353; x_wconf 90' lang='lat' dir='ltr'><em>rem</em></span> <span class='ocrx_word' id='word_1_244' title='bbox 427 3307 495 3352; x_wconf 91' lang='lat' dir='ltr'><em>non</em></span> <span class='ocrx_word' id='word_1_245' title='bbox 513 3285 604 3353; x_wconf 84' lang='lat' dir='ltr'><em>inter</em></span> <span class='ocrx_word' id='word_1_246' title='bbox 615 3307 650 3353; x_wconf 85' lang='lat' dir='ltr'><em>se</em></span> <span class='ocrx_word' id='word_1_247' title='bbox 670 3292 798 3354; x_wconf 91' lang='lat' dir='ltr'><em>etcum</em></span> <span class='ocrx_word' id='word_1_248' title='bbox 818 3285 1022 3354; x_wconf 89' lang='lat' dir='ltr'><em>mulieribus</em></span> <span class='ocrx_word' id='word_1_249' title='bbox 1036 3285 1106 3352; x_wconf 89' lang='lat' dir='ltr'><em>illis</em></span> <span class='ocrx_word' id='word_1_250' title='bbox 1119 3288 1372 3376; x_wconf 84' lang='lat' dir='ltr'><em>composuerint</em></span> <span class='ocrx_word' id='word_1_251' title='bbox 1390 3286 1549 3355; x_wconf 87' lang='lat' dir='ltr'><em>Galaadi-</em></span> 
     </span>
     <span class='ocr_line' id='line_1_26' title="bbox 227 3391 1550 3484; baseline 0.001 -25"><span class='ocrx_word' id='word_1_252' title='bbox 227 3397 298 3475; x_wconf 90' lang='lat' dir='ltr'><em>tae,</em></span> <span class='ocrx_word' id='word_1_253' title='bbox 315 3393 497 3460; x_wconf 88' lang='lat' dir='ltr'><em>nescimus.</em></span> <span class='ocrx_word' id='word_1_254' title='bbox 520 3397 668 3461; x_wconf 87' lang='lat' dir='ltr'><em>Erantne</em></span> <span class='ocrx_word' id='word_1_255' title='bbox 685 3391 795 3482; x_wconf 88' lang='lat' dir='ltr'><em>aliqui</em></span> <span class='ocrx_word' id='word_1_256' title='bbox 814 3393 953 3460; x_wconf 89' lang='lat' dir='ltr'><em>maioris</em></span> <span class='ocrx_word' id='word_1_257' title='bbox 971 3400 1075 3460; x_wconf 92' lang='lat' dir='ltr'><em>notae</em></span> <span class='ocrx_word' id='word_1_258' title='bbox 1090 3393 1170 3477; x_wconf 87' lang='lat' dir='ltr'><em>viri,</em></span> <span class='ocrx_word' id='word_1_259' title='bbox 1186 3391 1250 3484; x_wconf 88' lang='lat' dir='ltr'><em>qni</em></span> <span class='ocrx_word' id='word_1_260' title='bbox 1265 3392 1333 3459; x_wconf 89' lang='lat' dir='ltr'><em>illis</em></span> <span class='ocrx_word' id='word_1_261' title='bbox 1346 3394 1550 3461; x_wconf 88' lang='lat' dir='ltr'><em>mulieribus</em></span> 
     </span>
     <span class='ocr_line' id='line_1_27' title="bbox 227 3497 1548 3589; baseline 0.002 -25"><span class='ocrx_word' id='word_1_262' title='bbox 227 3520 304 3565; x_wconf 88' lang='lat' dir='ltr'><em>suas</em></span> <span class='ocrx_word' id='word_1_263' title='bbox 323 3497 547 3566; x_wconf 86' lang='lat' dir='ltr'><em>obtruderent</em></span> <span class='ocrx_word' id='word_1_264' title='bbox 565 3500 721 3589; x_wconf 80' lang='lat' dir='ltr'><em>nuptias,</em></span> <span class='ocrx_word' id='word_1_265' title='bbox 743 3505 804 3567; x_wconf 91' lang='lat' dir='ltr'><em>aut</em></span> <span class='ocrx_word' id='word_1_266' title='bbox 825 3499 892 3568; x_wconf 91' lang='lat' dir='ltr'><em>sibi</em></span> <span class='ocrx_word' id='word_1_267' title='bbox 911 3501 976 3568; x_wconf 82' lang='lat' dir='ltr'><em>has</em></span> <span class='ocrx_word' id='word_1_268' title='bbox 993 3503 1173 3589; x_wconf 78' lang='lat' dir='ltr'><em>tamquam</em></span> <span class='ocrx_word' id='word_1_269' title='bbox 1195 3499 1397 3566; x_wconf 87' lang='lat' dir='ltr'><em>meritorum</em></span> <span class='ocrx_word' id='word_1_270' title='bbox 1419 3500 1456 3567; x_wconf 90' lang='lat' dir='ltr'><em>in</em></span> <span class='ocrx_word' id='word_1_271' title='bbox 1475 3521 1548 3566; x_wconf 92' lang='lat' dir='ltr'><em>rem</em></span> 
     </span>
     <span class='ocr_line' id='line_1_28' title="bbox 227 3604 1550 3696; baseline 0.002 -24"><span class='ocrx_word' id='word_1_272' title='bbox 227 3604 399 3695; x_wconf 91' lang='lat' dir='ltr'><em>publicam</em></span> <span class='ocrx_word' id='word_1_273' title='bbox 427 3607 619 3674; x_wconf 86' lang='lat' dir='ltr'><em>mercedem</em></span> <span class='ocrx_word' id='word_1_274' title='bbox 645 3629 666 3674; x_wconf 95' lang='lat' dir='ltr'><em>a</em></span> <span class='ocrx_word' id='word_1_275' title='bbox 689 3611 798 3696; x_wconf 83' lang='lat' dir='ltr'><em>tioyse</em></span> <span class='ocrx_word' id='word_1_276' title='bbox 823 3607 1100 3696; x_wconf 79' lang='lat' dir='ltr'><em>expostularent?</em></span> <span class='ocrx_word' id='word_1_277' title='bbox 1119 3605 1315 3682; x_wconf 86' lang='lat' dir='ltr'><em>Galaaditae</em></span> <span class='ocrx_word' id='word_1_278' title='bbox 1341 3627 1479 3674; x_wconf 90' lang='lat' dir='ltr'><em>eausam</em></span> <span class='ocrx_word' id='word_1_279' title='bbox 1505 3607 1550 3674; x_wconf 87' lang='lat' dir='ltr'><em>ad</em></span> 
     </span>
     <span class='ocr_line' id='line_1_29' title="bbox 229 3712 1545 3802; baseline 0.003 -26"><span class='ocrx_word' id='word_1_280' title='bbox 229 3715 364 3799; x_wconf 85' lang='lat' dir='ltr'><em>ttoysen</em></span> <span class='ocrx_word' id='word_1_281' title='bbox 383 3717 417 3778; x_wconf 91' lang='lat' dir='ltr'><em>et</em></span> <span class='ocrx_word' id='word_1_282' title='bbox 435 3712 546 3802; x_wconf 89' lang='lat' dir='ltr'><em>capita</em></span> <span class='ocrx_word' id='word_1_283' title='bbox 567 3715 822 3802; x_wconf 89' lang='lat' dir='ltr'><em>patroeeiarum</em></span> <span class='ocrx_word' id='word_1_284' title='bbox 842 3712 1057 3796; x_wconf 89' lang='lat' dir='ltr'><em>detulerunt,</em></span> <span class='ocrx_word' id='word_1_285' title='bbox 1075 3713 1105 3779; x_wconf 90' lang='lat' dir='ltr'><em>is</em></span> <span class='ocrx_word' id='word_1_286' title='bbox 1127 3713 1267 3781; x_wconf 90' lang='lat' dir='ltr'><em>nomine</em></span> <span class='ocrx_word' id='word_1_287' title='bbox 1290 3714 1392 3781; x_wconf 90' lang='lat' dir='ltr'><em>tahve</em></span> <span class='ocrx_word' id='word_1_288' title='bbox 1413 3715 1545 3796; x_wconf 85' lang='lat' dir='ltr'><em>statuit,</em></span> 
     </span>
     <span class='ocr_line' id='line_1_30' title="bbox 229 3817 1490 3908; baseline 0.004 -26"><span class='ocrx_word' id='word_1_289' title='bbox 229 3817 317 3885; x_wconf 88' lang='lat' dir='ltr'><em>filias</em></span> <span class='ocrx_word' id='word_1_290' title='bbox 328 3818 493 3886; x_wconf 89' lang='lat' dir='ltr'><em>haeredes</em></span> <span class='ocrx_word' id='word_1_291' title='bbox 504 3818 541 3885; x_wconf 91' lang='lat' dir='ltr'><em>in</em></span> <span class='ocrx_word' id='word_1_292' title='bbox 556 3824 729 3908; x_wconf 91' lang='lat' dir='ltr'><em>posterum</em></span> <span class='ocrx_word' id='word_1_293' title='bbox 744 3821 879 3887; x_wconf 89' lang='lat' dir='ltr'><em>nonnisi</em></span> <span class='ocrx_word' id='word_1_294' title='bbox 892 3842 971 3887; x_wconf 90' lang='lat' dir='ltr'><em>suae</em></span> <span class='ocrx_word' id='word_1_295' title='bbox 988 3819 1099 3888; x_wconf 91' lang='lat' dir='ltr'><em>trihus</em></span> <span class='ocrx_word' id='word_1_296' title='bbox 1114 3819 1196 3887; x_wconf 90' lang='lat' dir='ltr'><em>viris</em></span> <span class='ocrx_word' id='word_1_297' title='bbox 1208 3821 1340 3888; x_wconf 89' lang='lat' dir='ltr'><em>nubere</em></span> <span class='ocrx_word' id='word_1_298' title='bbox 1353 3820 1490 3888; x_wconf 88' lang='lat' dir='ltr'><em>debere.</em></span> 
     </span>
    </p>
   </div>
   <div class='ocr_carea' id='block_1_5' title="bbox 226 4025 1551 4611">
    <p class='ocr_par' dir='ltr' id='par_1_5' title="bbox 226 4025 1551 4611">
     <span class='ocr_line' id='line_1_31' title="bbox 264 4025 1551 4093; baseline 0.003 -19"><span class='ocrx_word' id='word_1_299' title='bbox 264 4026 321 4075; x_wconf 84' lang='lat' dir='ltr'><em>Lex</em></span> <span class='ocrx_word' id='word_1_300' title='bbox 347 4026 417 4076; x_wconf 88' lang='lat' dir='ltr'><em>haec</em></span> <span class='ocrx_word' id='word_1_301' title='bbox 443 4027 645 4077; x_wconf 82' lang='lat' dir='ltr'><em>observabatur</em></span> <span class='ocrx_word' id='word_1_302' title='bbox 668 4027 792 4093; x_wconf 88' lang='lat' dir='ltr'><em>tempore</em></span> <span class='ocrx_word' id='word_1_303' title='bbox 815 4027 921 4080; x_wconf 86' lang='lat' dir='ltr'><em>Tobiae</em></span> <span class='ocrx_word' id='word_1_304' title='bbox 944 4027 1021 4090; x_wconf 85' lang='lat' dir='ltr'><em>(Tob.</em></span> <span class='ocrx_word' id='word_1_305' title='bbox 1049 4027 1109 4090; x_wconf 85' lang='grc'><strong>6,11</strong></span> <span class='ocrx_word' id='word_1_306' title='bbox 1137 4040 1210 4090; x_wconf 86' lang='lat' dir='ltr'><em>sqq.;</em></span> <span class='ocrx_word' id='word_1_307' title='bbox 1242 4025 1328 4091; x_wconf 83' lang='grc'><strong>’1,11).</strong></span> <span class='ocrx_word' id='word_1_308' title='bbox 1356 4027 1469 4078; x_wconf 83' lang='lat' dir='ltr'><em>Poterat</em></span> <span class='ocrx_word' id='word_1_309' title='bbox 1493 4027 1551 4078; x_wconf 78' lang='lat' dir='ltr'><em>sitia</em></span> 
     </span>
     <span class='ocr_line' id='line_1_32' title="bbox 227 4113 1548 4182; baseline 0 -18"><span class='ocrx_word' id='word_1_310' title='bbox 227 4115 329 4166; x_wconf 85' lang='lat' dir='ltr'><em>haeres</em></span> <span class='ocrx_word' id='word_1_311' title='bbox 341 4115 412 4166; x_wconf 86' lang='lat' dir='ltr'><em>tradi</em></span> <span class='ocrx_word' id='word_1_312' title='bbox 427 4115 618 4179; x_wconf 83' lang='lat' dir='ltr'><em>altenigenae,</em></span> <span class='ocrx_word' id='word_1_313' title='bbox 635 4117 682 4180; x_wconf 89' lang='lat' dir='ltr'><em>qui</em></span> <span class='ocrx_word' id='word_1_314' title='bbox 701 4117 736 4168; x_wconf 87' lang='lat' dir='ltr'><em>ad</em></span> <span class='ocrx_word' id='word_1_315' title='bbox 755 4131 834 4168; x_wconf 83' lang='lat' dir='ltr'><em>saera</em></span> <span class='ocrx_word' id='word_1_316' title='bbox 854 4117 1047 4169; x_wconf 83' lang='lat' dir='ltr'><em>Hebraeorum</em></span> <span class='ocrx_word' id='word_1_317' title='bbox 1067 4117 1224 4166; x_wconf 84' lang='lat' dir='ltr'><em>transiisset</em></span> <span class='ocrx_word' id='word_1_318' title='bbox 1245 4113 1269 4180; x_wconf 84' lang='grc'><strong>(1</strong></span> <span class='ocrx_word' id='word_1_319' title='bbox 1289 4116 1352 4165; x_wconf 86' lang='lat' dir='ltr'><em>Par.</em></span> <span class='ocrx_word' id='word_1_320' title='bbox 1370 4115 1433 4177; x_wconf 77' lang='grc'><strong>’1,31</strong></span> <span class='ocrx_word' id='word_1_321' title='bbox 1450 4115 1524 4182; x_wconf 87' lang='lat' dir='ltr'><em>sqq.)</em></span> <span class='ocrx_word' id='word_1_322' title='bbox 1544 4130 1548 4164; x_wconf 92' lang='lat'>:</span> 
     </span>
     <span class='ocr_line' id='line_1_33' title="bbox 226 4203 1548 4270; baseline 0.003 -18"><span class='ocrx_word' id='word_1_323' title='bbox 226 4203 378 4254; x_wconf 90' lang='lat' dir='ltr'><em>dummodo</em></span> <span class='ocrx_word' id='word_1_324' title='bbox 392 4206 467 4256; x_wconf 88' lang='lat' dir='ltr'><em>enim</em></span> <span class='ocrx_word' id='word_1_325' title='bbox 481 4206 505 4256; x_wconf 90' lang='lat' dir='ltr'><em>ts</em></span> <span class='ocrx_word' id='word_1_326' title='bbox 515 4204 606 4256; x_wconf 85' lang='lat' dir='ltr'><em>eidem</em></span> <span class='ocrx_word' id='word_1_327' title='bbox 621 4208 705 4270; x_wconf 81' lang='lat' dir='ltr'><em>atque</em></span> <span class='ocrx_word' id='word_1_328' title='bbox 719 4207 768 4258; x_wconf 89' lang='lat' dir='ltr'><em>ilia</em></span> <span class='ocrx_word' id='word_1_329' title='bbox 782 4205 866 4257; x_wconf 88' lang='lat' dir='ltr'><em>tribui</em></span> <span class='ocrx_word' id='word_1_330' title='bbox 881 4208 1086 4265; x_wconf 85' lang='lat' dir='ltr'><em>accenseretur,</em></span> <span class='ocrx_word' id='word_1_331' title='bbox 1103 4217 1160 4254; x_wconf 89' lang='lat' dir='ltr'><em>non</em></span> <span class='ocrx_word' id='word_1_332' title='bbox 1175 4209 1235 4255; x_wconf 89' lang='lat' dir='ltr'><em>erat</em></span> <span class='ocrx_word' id='word_1_333' title='bbox 1245 4205 1414 4268; x_wconf 88' lang='lat' dir='ltr'><em>periculum,</em></span> <span class='ocrx_word' id='word_1_334' title='bbox 1431 4217 1467 4256; x_wconf 88' lang='lat' dir='ltr'><em>ne</em></span> <span class='ocrx_word' id='word_1_335' title='bbox 1480 4207 1548 4256; x_wconf 85' lang='lat' dir='ltr'><em>hae-</em></span> 
     </span>
     <span class='ocr_line' id='line_1_34' title="bbox 227 4291 1549 4358; baseline 0.002 -17"><span class='ocrx_word' id='word_1_336' title='bbox 227 4291 330 4343; x_wconf 84' lang='lat' dir='ltr'><em>reditas</em></span> <span class='ocrx_word' id='word_1_337' title='bbox 345 4292 379 4343; x_wconf 87' lang='lat' dir='ltr'><em>ad</em></span> <span class='ocrx_word' id='word_1_338' title='bbox 392 4293 476 4343; x_wconf 85' lang='lat' dir='ltr'><em>altam</em></span> <span class='ocrx_word' id='word_1_339' title='bbox 489 4294 589 4344; x_wconf 85' lang='lat' dir='ltr'><em>tribum</em></span> <span class='ocrx_word' id='word_1_340' title='bbox 605 4295 743 4346; x_wconf 82' lang='lat' dir='ltr'><em>transiret.</em></span> <span class='ocrx_word' id='word_1_341' title='bbox 763 4295 958 4354; x_wconf 88' lang='lat' dir='ltr'><em>Postmodum,</em></span> <span class='ocrx_word' id='word_1_342' title='bbox 976 4293 1089 4358; x_wconf 89' lang='lat' dir='ltr'><em>quando</em></span> <span class='ocrx_word' id='word_1_343' title='bbox 1106 4293 1227 4344; x_wconf 89' lang='lat' dir='ltr'><em>tribuum</em></span> <span class='ocrx_word' id='word_1_344' title='bbox 1247 4291 1318 4343; x_wconf 82' lang='lat' dir='ltr'><em>fines</em></span> <span class='ocrx_word' id='word_1_345' title='bbox 1335 4295 1363 4344; x_wconf 87' lang='lat' dir='ltr'><em>et</em></span> <span class='ocrx_word' id='word_1_346' title='bbox 1382 4293 1549 4344; x_wconf 80' lang='lat' dir='ltr'><em>familiarum</em></span> 
     </span>
     <span class='ocr_line' id='line_1_35' title="bbox 227 4382 1547 4447; baseline 0.002 -18"><span class='ocrx_word' id='word_1_347' title='bbox 227 4382 423 4444; x_wconf 85' lang='lat' dir='ltr'><em>possessiones</em></span> <span class='ocrx_word' id='word_1_348' title='bbox 441 4383 591 4447; x_wconf 90' lang='lat' dir='ltr'><em>plurimum</em></span> <span class='ocrx_word' id='word_1_349' title='bbox 615 4383 779 4434; x_wconf 86' lang='lat' dir='ltr'><em>obliteratae</em></span> <span class='ocrx_word' id='word_1_350' title='bbox 803 4386 896 4443; x_wconf 88' lang='lat' dir='ltr'><em>erant,</em></span> <span class='ocrx_word' id='word_1_351' title='bbox 914 4385 983 4433; x_wconf 88' lang='lat' dir='ltr'><em>haec</em></span> <span class='ocrx_word' id='word_1_352' title='bbox 1007 4384 1052 4432; x_wconf 89' lang='lat' dir='ltr'><em>lex</em></span> <span class='ocrx_word' id='word_1_353' title='bbox 1076 4395 1133 4432; x_wconf 90' lang='lat' dir='ltr'><em>non</em></span> <span class='ocrx_word' id='word_1_354' title='bbox 1155 4383 1195 4431; x_wconf 83' lang='lat' dir='ltr'><em>ita</em></span> <span class='ocrx_word' id='word_1_355' title='bbox 1218 4393 1316 4433; x_wconf 88' lang='lat' dir='ltr'><em>severe</em></span> <span class='ocrx_word' id='word_1_356' title='bbox 1335 4382 1547 4434; x_wconf 84' lang='lat' dir='ltr'><em>observabatur.</em></span> 
     </span>
     <span class='ocr_line' id='line_1_36' title="bbox 228 4467 1548 4536; baseline 0.002 -18"><span class='ocrx_word' id='word_1_357' title='bbox 228 4467 373 4520; x_wconf 77' lang='lat' dir='ltr'><em>Testetur.</em></span> <span class='ocrx_word' id='word_1_358' title='bbox 392 4471 456 4521; x_wconf 82' lang='lat' dir='ltr'><em>Ant.</em></span> <span class='ocrx_word' id='word_1_359' title='bbox 474 4471 522 4520; x_wconf 86' lang='lat' dir='ltr'><em>tv.</em></span> <span class='ocrx_word' id='word_1_360' title='bbox 540 4471 584 4521; x_wconf 77' lang='lat' dir='ltr'><em>ts</em></span> <span class='ocrx_word' id='word_1_361' title='bbox 597 4474 705 4536; x_wconf 88' lang='lat' dir='ltr'><em>poterat</em></span> <span class='ocrx_word' id='word_1_362' title='bbox 719 4471 778 4524; x_wconf 85' lang='lat' dir='ltr'><em>filia</em></span> <span class='ocrx_word' id='word_1_363' title='bbox 791 4473 891 4522; x_wconf 85' lang='lat' dir='ltr'><em>haeres</em></span> <span class='ocrx_word' id='word_1_364' title='bbox 909 4471 1014 4522; x_wconf 90' lang='lat' dir='ltr'><em>nubere</em></span> <span class='ocrx_word' id='word_1_365' title='bbox 1029 4471 1102 4521; x_wconf 86' lang='lat' dir='ltr'><em>atius</em></span> <span class='ocrx_word' id='word_1_366' title='bbox 1116 4471 1205 4521; x_wconf 82' lang='lat' dir='ltr'><em>tribus</em></span> <span class='ocrx_word' id='word_1_367' title='bbox 1219 4468 1296 4532; x_wconf 86' lang='lat' dir='ltr'><em>viro,</em></span> <span class='ocrx_word' id='word_1_368' title='bbox 1313 4471 1464 4522; x_wconf 83' lang='lat' dir='ltr'><em>dummodo</em></span> <span class='ocrx_word' id='word_1_369' title='bbox 1483 4473 1548 4521; x_wconf 88' lang='lat' dir='ltr'><em>hae-</em></span> 
     </span>
     <span class='ocr_line' id='line_1_37' title="bbox 227 4557 535 4611; baseline 0.01 -3"><span class='ocrx_word' id='word_1_370' title='bbox 227 4557 338 4609; x_wconf 79' lang='lat' dir='ltr'><em>redimtt</em></span> <span class='ocrx_word' id='word_1_371' title='bbox 353 4562 535 4611; x_wconf 87' lang='lat' dir='ltr'><em>renuntiaret.</em></span> 
     </span>
    </p>
   </div>
   <div class='ocr_carea' id='block_1_6' title="bbox 233 4739 1550 4942">
    <p class='ocr_par' dir='ltr' id='par_1_6' title="bbox 233 4739 1550 4942">
     <span class='ocr_line' id='line_1_38' title="bbox 276 4739 1550 4834; baseline -0.002 -24"><span class='ocrx_word' id='word_1_372' title='bbox 276 4745 357 4834; x_wconf 82' lang='lat' dir='ltr'><em>Cup.</em></span> <span class='ocrx_word' id='word_1_373' title='bbox 376 4745 521 4812; x_wconf 87' lang='lat' dir='ltr'><em>XXXVI</em></span> <span class='ocrx_word' id='word_1_374' title='bbox 540 4765 571 4810; x_wconf 90' lang='lat' dir='ltr'><em>v.</em></span> <span class='ocrx_word' id='word_1_375' title='bbox 593 4749 607 4810; x_wconf 93' lang='lat'>1</span> <span class='ocrx_word' id='word_1_376' title='bbox 634 4771 649 4805; x_wconf 90' lang='lat'>«</span> <span class='ocrx_word' id='word_1_377' title='bbox 669 4747 888 4811; x_wconf 80' lang='lat' dir='ltr'><em>Accesserant</em></span> <span class='ocrx_word' id='word_1_378' title='bbox 907 4754 1022 4808; x_wconf 85' lang='lat' dir='ltr'><em>entem</em></span> <span class='ocrx_word' id='word_1_379' title='bbox 1050 4742 1106 4830; x_wconf 74' lang='lat' dir='ltr'><em>[ct]</em></span> <span class='ocrx_word' id='word_1_380' title='bbox 1131 4739 1305 4832; x_wconf 82' lang='lat' dir='ltr'><em>principes</em></span> <span class='ocrx_word' id='word_1_381' title='bbox 1329 4740 1550 4830; x_wconf 83' lang='lat' dir='ltr'><em>familiarum</em></span> 
     </span>
     <span class='ocr_line' id='line_1_39' title="bbox 233 4847 1543 4942; baseline -0.001 -26"><span class='ocrx_word' id='word_1_382' title='bbox 233 4847 370 4918; x_wconf 86' lang='lat' dir='ltr'><em>Goloud</em></span> <span class='ocrx_word' id='word_1_383' title='bbox 382 4850 453 4942; x_wconf 84' lang='lat' dir='ltr'><em>filii</em></span> <span class='ocrx_word' id='word_1_384' title='bbox 473 4849 618 4936; x_wconf 71' lang='lat' dir='ltr'><em>tiocia,</em></span> <span class='ocrx_word' id='word_1_385' title='bbox 638 4850 709 4940; x_wconf 73' lang='lat' dir='ltr'><em>tttt</em></span> <span class='ocrx_word' id='word_1_386' title='bbox 728 4852 902 4931; x_wconf 88' lang='lat' dir='ltr'><em>Monossc,</em></span> <span class='ocrx_word' id='word_1_387' title='bbox 919 4848 961 4916; x_wconf 87' lang='lat' dir='ltr'><em>de</em></span> <span class='ocrx_word' id='word_1_388' title='bbox 980 4848 1085 4939; x_wconf 80' lang='lat' dir='ltr'><em>stirpe</em></span> <span class='ocrx_word' id='word_1_389' title='bbox 1108 4877 1124 4910; x_wconf 86' lang='lat'>»</span> <span class='ocrx_word' id='word_1_390' title='bbox 1148 4887 1190 4900; x_wconf 95' lang='lat'>—</span> <span class='ocrx_word' id='word_1_391' title='bbox 1212 4851 1314 4916; x_wconf 82' lang='lat' dir='ltr'><em>Heln.</em></span> <span class='ocrx_word' id='word_1_392' title='bbox 1333 4847 1374 4916; x_wconf 88' lang='lat' dir='ltr'><em>de</em></span> <span class='ocrx_word' id='word_1_393' title='bbox 1388 4849 1543 4940; x_wconf 75' lang='lat' dir='ltr'><em>familiis</em></span> 
     </span>
    </p>
   </div>
   <div class='ocr_carea' id='block_1_7' title="bbox 0 0 1787 5406">
    <p class='ocr_par' dir='ltr' id='par_1_7' title="bbox 0 0 1787 5406">
     <span class='ocr_line' id='line_1_40' title="bbox 0 0 1787 5406; baseline 0 0"><span class='ocrx_word' id='word_1_394' title='bbox 0 0 1787 5406; x_wconf 95' lang='lat' dir='ltr'><em> </em></span> 
     </span>
    </p>
   </div>
  </div>
 </body>
</html>
