3528 5402
738 391 815 436 auu.
839 377 942 450 naa.
1027 340 1030 346 ’
1188 437 1193 447 ,
1448 341 1528 436 na

176 524 319 592 lembis
345 519 611 590 ascendentibus
636 531 837 605 occurrunt,
867 549 898 592 v.
928 531 969 592 hh
999 522 1221 591 descendant.
1243 524 1447 592 Amalecites
1473 531 1507 592 et

173 634 401 698 chananaeus
415 629 610 697 habitantes
626 628 664 696 ia
674 644 789 697 necate
806 654 837 698 v.
856 637 898 698 t5
912 631 1090 698 evidenter
1103 653 1173 698 non
1188 637 1269 697 sunt
1281 630 1386 697 iidem
1403 637 1505 719 atque

176 761 206 805 r.
223 745 265 804 25
284 736 489 804 amalecitae
505 741 538 804 et
555 737 751 804 chananaei
773 736 965 804 habitantes
983 737 1020 802 ia
1037 737 1144 818 ealle,
1165 743 1225 804 aut
1246 745 1346 818 13,30
1373 737 1507 804 Amale-

172 845 240 911 cita
261 842 422 910 habitans
446 842 485 909 ia
506 841 634 932 Neqeb.
657 849 837 925 Memento,
858 845 1087 912 hebraeorum
1113 844 1268 911 virorum
1292 853 1504 911 armatorum

175 951 292 1040 plures
306 950 472 1018 sexcentis
485 949 654 1032 millibus,
672 949 815 1017 consilio
830 951 1046 1037 subigendae
1060 950 1335 1032 Chanaanitidis‚
1355 951 1505 1040 amplius

177 1057 410 1146 quadraginta
425 1055 546 1122 diebus
560 1057 597 1123 in
618 1057 754 1123 deserto
769 1057 906 1124 Pharan
927 1056 1126 1124 consedisse.
1142 1062 1288 1124 Putasne
1303 1056 1506 1124 amalecitas

175 1163 302 1249 Negeb,
315 1183 463 1252 quornm
480 1183 533 1229 res
552 1164 587 1228 in
602 1165 798 1252 proximum
814 1162 999 1230 discrimen
1017 1163 1242 1245 vocabantur,
1259 1162 1345 1229 nihil
1363 1162 1504 1229 omnino

174 1269 306 1356 egisse?
330 1269 488 1335 Miserunt
509 1270 649 1336 nuntios
671 1269 716 1335 ad
733 1268 956 1338 Chananaeos
976 1268 1169 1336 habitantes
1188 1269 1225 1334 ia
1247 1281 1377 1352 monte,
1400 1269 1505 1335 armis

178 1382 212 1443 et
227 1375 386 1442 curribus
401 1379 659 1465 praepotentes
674 1376 720 1442 ad
730 1398 815 1466 quos
829 1377 932 1458 solos,
950 1398 1019 1442 non
1036 1376 1079 1442 ad
1099 1375 1301 1442 ntitalecitas
1314 1375 1399 1442 illud
1417 1389 1502 1438 :nra
1564 1371 1565 1376 ’

173 1505 205 1547 v.
234 1487 275 1547 hh
295 1482 455 1549 refertur.
482 1486 648 1564 Putavere
673 1482 816 1549 Hebraei
837 1481 889 1547 illi
913 1482 979 1548 sibi
1002 1503 1080 1550 cum
1101 1482 1182 1548 solis
1206 1483 1400 1548 amalecitis
1426 1503 1501 1548 rem

173 1609 261 1669 esse,
285 1587 412 1676 quibus
435 1609 471 1653 se
494 1589 743 1677 praevalituros
765 1609 836 1655 esse
861 1587 1091 1669 confidebant,
1110 1592 1144 1654 et
1167 1610 1208 1654 en
1232 1587 1351 1654 obvios
1373 1588 1503 1654 habent
1604 1593 1605 1596 ’
1672 1573 1751 1674 ,325³

173 1717 250 1762 cum
271 1693 466 1762 amalecitis
490 1694 723 1762 Chananaeos.
749 1696 864 1781 Fregit
886 1695 950 1762 hoc
977 1717 1097 1761 eorum
1118 1717 1239 1761 recens
1260 1699 1377 1762 natam
1397 1693 1502 1760 auda-

173 1801 274 1868 ciam.
292 1804 416 1868 Verum
435 1800 534 1867 nohis
554 1805 707 1890 superest
725 1801 986 1891 explicandum,
1014 1803 1090 1891 quis
1105 1801 1149 1868 sit
1168 1799 1227 1867 ille
1245 1804 1369 1867 triantis
1386 1814 1503 1868 vertes

173 1931 204 1973 v.
222 1913 276 1975 to.
300 1912 354 1988 tt,
371 1908 430 1996 qui
448 1911 544 1973 Dent.
566 1913 657 1991 1,t1.
679 1915 720 1976 tt
737 1907 940 1998 simpliciter
959 1907 1121 1974 scribitur
1135 1929 1243 1974 mona.
1263 1905 1320 1974 Vix
1336 1913 1420 1997 puto
1437 1907 1500 1975 ali-

174 2035 278 2104 quem
294 2035 313 2080 e
332 2013 528 2080 monticulis
545 2013 629 2103 pagi
644 2014 761 2098 Negeh
787 2015 851 2081 hoc
871 2015 1011 2081 nomine
1026 2012 1215 2101 designari.
1234 2019 1272 2080 Et
1288 2015 1314 2080 si
1333 2014 1500 2081 eiusmodi

173 2121 352 2188 cuiusdam
367 2119 548 2187 monticuli
560 2121 727 2187 ‚verticem
739 2121 968 2188 conscendere
984 2119 1145 2202 Hebraei,
1158 2120 1332 2210 quomodo
1345 2121 1500 2187 scribun-

172 2232 229 2294 tnr
241 2226 275 2292 in
299 2227 420 2294 eodem
446 2225 573 2294 vertice
596 2226 807 2294 amalecitae
825 2229 862 2293 in
878 2227 954 2294 illos
974 2225 1210 2294 descendisse?
1227 2227 1325 2292 Meas
1345 2226 1406 2293 ille
1423 2232 1502 2292 sunt

171 2333 246 2423 ipsa
263 2338 428 2401 montana
445 2333 603 2412 Iudaeae,
619 2332 680 2400 ubi
697 2333 835 2400 Hebron
855 2338 934 2416 etc,
949 2355 1099 2422 qnorum
1118 2333 1279 2398 caraem
1299 2332 1340 2398 de
1361 2332 1500 2419 longin-

171 2461 239 2529 quo
262 2439 405 2508 Hebraei
424 2463 443 2506 e
465 2441 581 2507 eastris
607 2440 866 2530 prospiciebant
887 2443 991 2528 atque
1012 2461 1105 2506 nuno
1129 2439 1243 2529 ipsum
1269 2438 1499 2506 conscendere

170 2545 300 2630 agressi
315 2551 409 2628 sunt3
428 2546 478 2612 ihi
496 2551 630 2612 montes
649 2550 683 2612 et
704 2546 810 2612 valles
825 2545 1012 2636 plurimae,
1031 2551 1068 2611 ut
1080 2545 1182 2612 facile
1197 2545 1373 2634 potuerint
1386 2545 1499 2611 hostes

169 2652 206 2718 in
221 2652 295 2719 illos
311 2652 530 2720 descendere.
549 2657 715 2729 Quorsum
732 2675 837 2741 porro
855 2653 890 2718 in
912 2674 969 2719 eos
984 2653 1121 2719 'rnontes
1136 2651 1281 2718 Hebraei
1295 2655 1498 2740 penetrave-

170 2758 251 2838 rint,
267 2759 498 2848 quorumdam
512 2759 557 2825 ad
571 2762 670 2826 Num.
689 2765 730 2825 33
744 2757 925 2826 afferemus
939 2759 1162 2826 coniecturas.

331 3021 333 3026 ’
404 3007 456 3056 111.
470 3007 576 3055 LEGES
590 3007 672 3056 POST
686 3008 895 3056 sermonen
912 3008 1023 3056 LATAH
1038 3007 1118 3067 ETC,
1135 3006 1218 3055 HUM.
1235 3009 1272 3055 lh.

214 3189 312 3252 Num.
335 3193 375 3252 15
396 3185 499 3252 habet
518 3184 588 3252 dno
609 3185 727 3252 divina
741 3171 880 3274 eloquia
901 3208 932 3252 v.
950 3192 1033 3252 1-15
1054 3184 1123 3274 (16)
1141 3187 1174 3250 et
1190 3206 1221 3249 v.
1242 3190 1283 3249 16
1305 3184 1431 3272 (tat-31
1453 3182 1496 3248 de

166 3291 353 3375 sacrifieiis,
371 3291 532 3380 primitiis
549 3297 628 3371 etc,
647 3292 844 3382 laetumque
859 3313 892 3357 v.
910 3297 1015 3358 :sa-36
1029 3290 1095 3356 viri
1109 3288 1305 3376 colligentis
1320 3288 1419 3375 ligna
1441 3289 1495 3354 die

166 3397 312 3478 sabbati,
326 3420 405 3465 cum
418 3419 552 3464 annexa
562 3398 640 3484 lege
652 3419 685 3465 r.
699 3403 801 3465 sr-tt
814 3398 855 3464 de
867 3396 1015 3463 fimbriis
1024 3395 1140 3486 palliis
1153 3394 1370 3462 adhibendis.
1384 3395 1493 3476 Ratio,

167 3526 229 3570 cur
241 3504 275 3572 h.
294 3504 319 3569 l.
336 3504 421 3571 haec
435 3503 688 3587 adscribantur,
703 3527 743 3571 ea
753 3505 908 3594 profecto
918 3525 989 3571 esse
999 3502 1148 3586 videtur,
1167 3501 1258 3592 quod
1274 3502 1495 3592 promulgata

167 3616 201 3675 et
218 3617 294 3678 acta
314 3611 382 3677 sint
397 3612 487 3677 inter
503 3633 556 3694 ea,
580 3633 666 3700 quae
682 3633 756 3700 cap.
777 3615 817 3677 lh
833 3615 867 3676 et
887 3632 976 3700 quae
992 3631 1069 3700 cap.
1090 3616 1130 3676 16
1146 3615 1343 3677 narrantur.
1361 3609 1493 3676 Etenim

168 3715 336 3807 reliquam
352 3717 434 3784 item
450 3717 683 3784 narrationem
704 3721 900 3806 temporum
916 3715 1085 3785 rationem
1104 3717 1200 3805 sequi
1215 3716 1456 3806 comperimus

212 3823 353 3912 Eloquia
368 3823 428 3889 illa
444 3845 475 3892 v,
493 3830 567 3890 1-31
581 3830 659 3890 sunt
672 3824 715 3890 de
730 3824 924 3893 sehusun.
944 3828 984 3892 ts
996 3836 1074 3914 past
1089 3823 1280 3912 irtqressam
1296 3835 1405 3890 terrae
1415 3846 1493 3911 pro-

168 3930 291 3997 missae
313 3930 548 3998 observandis.
571 3930 841 3998 Admirationem
860 3931 942 3997 facit
965 3929 1134 3997 eiusmodi
1152 3930 1249 4017 leges
1268 3930 1350 3995 ferri
1368 3929 1492 3994 imme·

166 4035 259 4103 diate
277 4043 353 4127 post
372 4037 502 4103 editum
518 4035 673 4104 divinam
689 4037 864 4105 decretum
885 4059 965 4104 enm
983 4038 1177 4124 ingressum
1198 4036 1243 4101 ad
1263 4056 1394 4100 annum
1411 4040 1490 4101 38¹¹¹¹¹

165 4149 386 4233 postponens.
405 4148 534 4211 Tamen
553 4165 607 4210 res
626 4143 694 4210 alio
715 4143 819 4210 etiam
840 4143 943 4210 modo
965 4143 1101 4233 concipi
1120 4147 1241 4232 potest.
1262 4139 1362 4207 Credi
1381 4145 1492 4229 potest

166 4249 267 4316 luisse
283 4249 377 4338 apud
398 4249 565 4316 Hebraeos
585 4271 658 4316 mos
674 4250 864 4340 antiquitus
884 4255 1057 4338 receptae,
1075 4254 1113 4315 nt
1129 4247 1327 4314 holocausta
1347 4251 1381 4314 et
1395 4248 1490 4338 paci-

167 4354 231 4421 fica
258 4355 374 4422 omnia
398 4376 496 4422 suam
520 4378 687 4423 annexam
711 4355 882 4423 haberent
905 4356 1091 4422 minoham.
1117 4355 1294 4421 Habentur
1314 4359 1493 4443 praeterea

170 4465 224 4529 Hx.
249 4468 367 4545 29,t0;
390 4467 467 4529 Lev.
487 4469 568 4544 aaa
587 4462 732 4549 vestigia
754 4462 886 4552 aliqua,
905 4484 984 4529 eum
1005 4483 1137 4528 morem
1156 4460 1369 4550 approbante
1389 4460 1491 4528 lahve

168 4567 204 4634 in
220 4567 355 4634 deserto
369 4568 471 4635 etiam
482 4568 733 4658 quadamtenus
748 4591 820 4635 esse
831 4568 1058 4635 observatum.
1077 4572 1118 4633 ht
1132 4566 1192 4633 ubi
1207 4567 1251 4633 ad
1266 4573 1307 4634 38
1321 4588 1489 4633 annornm

170 4675 475 4741 commorationem
495 4675 532 4741 in
549 4675 683 4741 deserto
698 4676 863 4741 frumenti
880 4673 1070 4762 vitiumque
1090 4695 1193 4740 avaro
1211 4672 1490 4740 condemnaban-

170 4784 228 4846 tur
247 4781 408 4862 Hebraei,
432 4780 562 4848 censuit
584 4786 670 4847 Deus
691 4781 765 4848 eius
787 4782 891 4848 moris
911 4781 955 4847 ad
976 4779 1063 4846 illud
1084 4786 1219 4869 tempus
1237 4778 1488 4847 concedendam
