3538 5404
268 429 286 488 6
820 441 1032 488 mruonucrro.

266 580 375 646 tiones
410 579 613 665 suggerunt.
644 577 747 643 Nobis
776 575 882 666 plana
914 582 1050 666 praesto
1076 581 1125 642 est
1157 575 1344 665 responsio.
1375 581 1497 663 Magna
1529 577 1590 644 illa

268 684 314 751 ad
337 691 450 774 Aquas
473 681 756 752 contradictionis
784 684 953 771 apostasia
982 688 1016 749 et
1037 681 1153 750 locum
1180 681 1341 749 hahuisse
1372 689 1406 750 et
1429 683 1591 750 Hebraeis

267 789 513 880 posterioribus
536 795 620 856 nota
639 788 742 856 fuisse
767 789 914 856 efficitur
936 790 1084 857 textibus
1107 787 1266 856 laudatis.
1289 789 1356 855 Sed
1378 811 1419 855 ea
1441 790 1522 857 item
1551 790 1587 857 in

265 897 357 964 libro
383 900 481 964 Num.
513 895 672 986 primitus
700 895 959 964 describebatur
986 917 994 964 :
1024 894 1116 984 quod
1142 894 1244 962 elficit
1270 917 1349 961 oum
1377 901 1447 964 tota
1481 918 1586 986 quam

268 1003 371 1070 modo
391 1003 645 1092 exponebamus
663 1002 868 1070 narrationis
891 1000 996 1083 ratio,
1013 1007 1087 1068 tum
1107 1001 1169 1068 illa
1194 1001 1231 1068 in
1257 1001 1340 1068 actis
1356 1002 1589 1070 Hebraeorum

265 1110 302 1175 iu
326 1109 461 1176 deserto
483 1116 525 1175 37
547 1129 717 1176 annorum
744 1108 878 1176 lacuna.
901 1108 1027 1175 Eadem
1052 1108 1198 1190 ratione,
1215 1112 1317 1197 atque
1348 1109 1383 1174 iu
1404 1107 1518 1176 Exodo
1536 1132 1590 1176 sa-

268 1214 444 1283 cerdotum
469 1215 782 1304 praemosaicorum
808 1221 903 1296 aeta,
927 1235 1107 1304 suppressa
1132 1214 1244 1281 estin
1270 1214 1425 1282 Numeris
1448 1220 1589 1283 accurass

267 1319 336 1390 tior
354 1320 485 1412 peccati
500 1319 616 1408 Moysis
639 1319 822 1410 descriptio
842 1341 921 1387 cum
944 1321 1116 1411 apostasia
1130 1320 1267 1411 populi,
1286 1342 1374 1409 quae
1394 1321 1492 1388 illam
1512 1344 1591 1389 oon-

269 1435 384 1496 seouta
402 1433 467 1494 ast.
487 1427 560 1494 Visa
577 1435 656 1494 suut
671 1427 860 1516 aliquando
878 1427 1032 1494 virorum
1053 1432 1120 1494 Deo
1137 1433 1415 1494 consecratorum
1436 1427 1589 1518 deliquia

269 1535 439 1601 reverenti
455 1533 594 1600 silentio
609 1554 681 1600 esse
700 1532 865 1620 tegenda,
889 1555 933 1600 ne
952 1533 1061 1600 relata
1075 1532 1196 1622 populi
1211 1553 1294 1620 erga
1308 1532 1501 1601 sacerdotes
1514 1535 1593 1624 pie-

270 1645 376 1706 tatem
393 1639 649 1706 imminuerent.

316 1745 352 1812 ld
372 1753 462 1812 certe
486 1766 555 1812 non
576 1745 705 1813 lactum
725 1751 773 1812 est
791 1750 900 1833 Moyse
920 1750 979 1812 aut
1003 1751 1097 1812 losue
1116 1745 1375 1835 superstitibusr,
1400 1746 1539 1836 quando
1553 1748 1589 1814 in

275 1852 429 1919 omnium
446 1874 503 1918 ore
523 1852 609 1918 haec
630 1852 719 1918 faeta
742 1857 855 1930 erant;
886 1852 945 1918 sed
967 1851 1091 1933 serina,
1115 1851 1253 1941 quando
1274 1858 1441 1920 exstructo
1459 1852 1589 1942 templo

273 1957 398 2048 (primo
416 1958 472 2024 vel
494 1959 598 2024 etiam
624 1957 785 2047 secundo)
811 1958 895 2024 ordo
920 1958 1135 2025 sacerdotum
1163 1957 1232 2024 suis
1263 1958 1436 2026 frueretur
1459 1959 1593 2028 iuribus

272 2072 375 2153 atque
400 2063 550 2144 honore,
572 2068 724 2152 essetque
743 2063 909 2132 simulne
933 2065 1060 2131 horum
1079 2065 1246 2132 iacturam
1266 2069 1442 2154 pateretur
1460 2065 1591 2133 sollici-

272 2177 338 2238 tus,
361 2175 476 2259 Neque
505 2168 542 2237 id
568 2170 742 2237 affirmare
772 2170 905 2257 cogeris
936 2170 1045 2260 impia
1075 2176 1190 2238 mente
1220 2193 1293 2239 esse
1321 2171 1463 2240 factum.
1502 2171 1592 2239 Libri

274 2277 362 2344 sacri
386 2276 422 2343 in
445 2276 652 2344 ludaeorum
672 2275 825 2344 coetibus
844 2276 1149 2366 praelegebautur;
1168 2278 1398 2346 exarabantur
1412 2301 1492 2346 saue
1509 2301 1591 2368 apo·

274 2384 409 2472 grapho
432 2382 464 2450 ei
485 2382 635 2472 practico
657 2382 734 2450 usui
756 2382 942 2466 destinata;
959 2385 997 2450 in
1018 2384 1072 2450 his
1095 2384 1283 2473 aliquando
1300 2385 1391 2452 visae
1414 2393 1491 2453 sunt
1515 2384 1594 2452 illae

277 2489 439 2556 historiae
462 2488 670 2578 prudentius
697 2511 768 2556 esse
793 2488 1015 2557 omittendae.
1030 2490 1148 2557 Simile
1172 2490 1256 2580 quid
1281 2491 1317 2557 in
1339 2491 1462 2558 nostris
1488 2492 1594 2558 histo-

278 2597 337 2663 riis
362 2593 500 2662 biblieis
528 2597 701 2674 usuvenit,
729 2617 817 2685 quae
845 2594 1093 2684 utplurimum
1120 2596 1300 2664 historiam
1323 2619 1455 2663 sacram
1479 2597 1593 2663 verbis

277 2702 348 2768 lere
372 2701 562 2790 scripturae
586 2707 765 2782 enarrant,
790 2700 850 2768 sed
868 2702 969 2790 plura
989 2708 1050 2768 aut
1068 2702 1245 2770 brevitatis
1266 2708 1326 2770 aut
1348 2703 1594 2770 aedificationis

278 2829 360 2894 ergo
386 2808 677 2897 praetermittunt.
702 2811 777 2874 Non
800 2829 895 2873 error
915 2829 1011 2876 sacro
1034 2809 1141 2876 textui
1162 2809 1427 2894 admiscebatur,
1452 2810 1514 2876 sed
1531 2810 1594 2877 uli-

277 2936 346 3002 qua
367 2912 439 2981 eius
462 2915 587 2981 veritas
613 2913 746 2980 silentio
770 2913 1015 3000 obtegebatur3
1037 2937 1148 3005 neque
1167 2915 1256 2984 alius
1276 2916 1357 2984 inde
1383 2917 1596 2984 efficiebatur

277 3019 380 3087 liber.
410 3019 605 3088 Secundum
629 3019 726 3106 vulgi
753 3021 882 3109 quippe
903 3020 1086 3103 iudicium,
1112 3023 1205 3110 quod
1228 3023 1427 3090 criticorum
1454 3022 1593 3112 quidem

276 3124 403 3193 iudicio
425 3130 474 3192 est
498 3125 614 3192 minus
634 3125 805 3212 rigidum,
827 3128 931 3193 etiam
950 3125 1089 3194 Ovidius
1110 3156 1126 3190 a
1146 3129 1191 3194 ad
1208 3150 1307 3196 usum
1327 3128 1486 3220 Delphini
1508 3157 1524 3190 »
1542 3152 1597 3196 ex-

278 3237 461 3324 purgatus,
485 3231 624 3299 Ovidius
648 3237 708 3299 est.
733 3236 808 3299 Nou
829 3237 902 3300 erat
927 3233 1044 3319 igitur,
1070 3256 1132 3301 cur
1153 3240 1241 3302 Deus
1268 3257 1345 3303 eam
1371 3237 1458 3303 sacri
1488 3241 1596 3304 textus

278 3331 543 3406 diminutionem
555 3338 757 3428 praepedire
773 3344 955 3406 teneretur.
973 3339 1075 3408 Plura
1089 3340 1132 3408 de
1146 3340 1200 3408 his
1212 3363 1245 3408 v.
1266 3343 1371 3410 infra.

322 3445 492 3511 Habemus
519 3451 538 3512 t
568 3445 663 3511 Esdr.
694 3451 735 3512 lt
763 3443 986 3513 traditionem
1012 3447 1199 3536 quamdam
1228 3448 1449 3529 ludaeorum,
1480 3449 1594 3536 legem

277 3555 431 3640 tempore
456 3549 565 3616 exsilii
588 3555 695 3618 totam
722 3573 792 3618 esse
816 3551 1048 3641 deperditam,
1073 3554 1132 3620 sed
1151 3554 1294 3622 Esdram
1317 3555 1440 3645 spiritu
1459 3556 1518 3622 Hei
1541 3578 1598 3622 re·

278 3656 408 3746 pletum
432 3677 506 3724 eam
532 3661 640 3723 totam
659 3657 779 3724 scribis
796 3657 881 3738 suis,
899 3658 1011 3746 qualis
1033 3665 1113 3726 ante
1134 3661 1262 3742 fuerat,
1285 3661 1440 3728 dictasse.
1468 3667 1505 3728 ln
1530 3684 1598 3751 qua

278 3762 462 3830 traditione
484 3761 512 3830 si
536 3761 621 3851 quid
650 3764 755 3830 lateat
786 3764 937 3831 veritatis
960 3765 1016 3852 (et.
1043 3770 1082 3833 ll.
1110 3767 1255 3855 Gorneas
1281 3790 1294 3833 .·
1322 3767 1451 3836 lntrod.
1483 3773 1506 3835 l.
1537 3775 1591 3851 5⁹2,

280 3873 315 3934 2⁸
340 3869 445 3936 editio
469 3869 585 3958 189t),
605 3868 696 3936 illud
718 3870 871 3958 protecto
900 3871 964 3938 erit
985 3879 1139 3963 tempore
1163 3873 1272 3941 exsilii
1290 3875 1413 3941 misere
1435 3875 1595 3942 contusos

280 3997 350 4042 esse
370 3974 475 4043 libros
498 3997 627 4058 sacros,
652 3976 862 4066 Esdramque
884 3976 954 4043 illis
972 3979 1189 4048 restituendis
1213 3980 1307 4047 haud
1326 3981 1596 4072 leveutoperam

279 4080 498 4171 impendisse.
531 4081 639 4168 lgitur
666 4083 702 4148 in
726 4089 819 4150 textu
843 4088 914 4167 Hm,
948 4089 1040 4163 Lev.,
1066 4091 1166 4155 Num.
1194 4087 1405 4154 restituendo
1434 4087 1596 4156 inciderit

279 4187 416 4270 Esdras‚
431 4187 488 4254 vel
509 4185 703 4278 quicunque
724 4189 810 4256 alius
833 4189 865 4255 ei
885 4191 981 4280 operi
999 4192 1190 4277 insudavit,
1211 4193 1249 4259 iu
1263 4199 1392 4260 textum
1412 4194 1597 4285 quemdam

280 4313 350 4358 non
376 4293 550 4379 integrum
580 4300 639 4361 aut
667 4296 895 4385 completum,
921 4297 980 4363 sed
1005 4299 1144 4388 piorum
1168 4300 1335 4367 lectorum
1362 4300 1593 4368 aedificationi

280 4398 500 4487 adaptatum,
518 4399 772 4483 abbreviatum,
795 4413 1036 4491 expurgatum.

324 4509 348 4570 Ε
375 4505 500 4594 quibus
534 4507 689 4597 sequitur
723 4509 871 4599 aliquid,
905 4512 1000 4599 quod
1034 4512 1078 4578 ud
1106 4512 1361 4581 diiudicandum
1391 4513 1598 4581 narrationis

280 4611 532 4700 antiquitatem«
547 4615 672 4680 summi
697 4621 746 4682 est
771 4616 949 4684 momenti.
981 4618 1173 4685 Secundum
1201 4621 1400 4687 criticorum
1429 4622 1599 4688 recentio-

278 4739 356 4784 rum
379 4717 504 4808 placita
526 4717 617 4786 liber
635 4742 676 4787 ea
696 4721 823 4803 forma,
847 4744 951 4812 quam
967 4745 1059 4791 nunc
1081 4725 1203 4809 hahet,
1226 4735 1303 4816 post
1324 4727 1479 4794 exsilium
1499 4733 1599 4795 natus

279 4829 342 4890 est.
369 4823 435 4890 Sed
459 4823 523 4891 hac
551 4824 664 4893 forma
689 4826 777 4896 liber
802 4827 938 4895 exhibet
957 4835 1085 4898 textum
1105 4831 1321 4922 adaptatum,
1343 4830 1594 4902 abbreviatum.
