3538 5404
695 435 768 481 uua.
793 420 883 493 1026
904 437 965 489 soo.
1200 420 1201 423 ’
1454 427 1490 485 8i

176 570 237 636 clai
257 591 291 653 »ς
313 592 347 636 r.
367 576 409 636 26
434 598 450 631 (ι
472 569 509 635 iu
531 568 622 635 tribu
644 581 760 637 aretem
779 569 934 660 filiorum
958 572 1042 636 Aser
1063 583 1137 637 erut
1154 572 1313 662 princeps
1332 572 1489 663 Ptequl,

172 676 267 766 filius
288 676 424 743 Ochruu
448 673 485 760 »ς’
502 697 535 742 v.
554 683 595 742 27
612 704 628 738 «
653 688 685 742 et
703 676 739 742 iu
763 675 853 742 tribu
877 677 1028 764 filiorum
1046 677 1403 770 Nepithaliprinceps
1421 680 1493 769 suit

171 784 295 869 Atura,
309 783 407 873 filius
421 786 524 850 Euan
546 810 577 851 n.
592 806 625 851 r.
646 789 688 850 28
706 812 722 846 «
740 786 832 850 Haec
847 795 926 850 suut
942 785 1064 872 [castro
1079 787 1123 871 et]
1133 786 1360 875 profectiones
1377 816 1413 869 n,
1432 810 1491 854 seu

169 889 346 972 stationes,
363 918 378 949 «
398 889 556 979 filiorum
575 889 683 957 lsrael
692 912 755 980 per
769 903 900 957 turmas
914 913 1009 977 satos,
1027 891 1167 980 quaudo
1180 892 1444 982 epredieboutur
1459 922 1489 960 u.

399 1150 436 1199 IL
452 1149 567 1198 HOBAB
584 1148 701 1197 SOCIUS
719 1148 871 1196 ITINERIS
887 1148 1031 1198 ACCITUS
1045 1150 1128 1198 suh.
1146 1152 1264 1210 luas-aa.

216 1338 301 1426 Arq.
317 1372 362 1385 -
376 1339 449 1402 Non
461 1335 605 1402 iussusa
620 1336 722 1422 lahye
743 1338 883 1422 Moyses,
899 1335 1059 1424 precibus
1074 1342 1108 1402 et
1120 1337 1296 1425 promissis
1310 1339 1487 1428 impetrat,

169 1447 208 1509 ut
238 1441 356 1509 Hobab
379 1463 487 1528 gener
511 1463 610 1523 suus,
639 1436 838 1523 Madianita,
869 1441 1028 1509 Hebraeis
1053 1441 1232 1528 iungatur,
1265 1444 1489 1534 exploratoris

170 1556 284 1639 partes
293 1548 330 1615 in
351 1547 475 1616 itinere
489 1554 641 1615 acturus

202 1756 318 1815 Hobab,
334 1755 409 1806 tilius
424 1755 533 1815 tethro,
549 1754 635 1806 irater
657 1755 801 1819 Sephorao
820 1757 917 1806 uxoris
940 1755 1059 1818 Moysis,
1078 1756 1113 1806 de
1127 1770 1185 1820 quo
1205 1758 1368 1809 dicebamus
1387 1760 1422 1809 ad
1437 1760 1489 1809 Ex.

168 1846 243 1907 ate.
261 1845 331 1896 Cum
346 1845 396 1894 Ex.
414 1845 445 1895 ta
459 1844 597 1895 referatur
611 1844 706 1895 iethro
721 1849 784 1908 post
802 1845 1020 1896 amalecitarum
1037 1847 1066 1893 in
1081 1845 1231 1909 Rephidim
1251 1846 1360 1897 cladem
1375 1848 1490 1911 Moysen

167 1936 312 1995 invisisse,
325 1933 374 1984 sed
388 1936 486 1997 postea
500 1933 535 1983 ab
550 1945 585 1983 eo
603 1934 766 1994 recessisse,
783 1933 873 1985 otiose
891 1934 978 1998 aliqui
998 1934 1157 1996 inquirunt,
1173 1947 1210 1984 an
1230 1936 1288 1985 tum
1311 1935 1409 1986 Hebab
1426 1949 1489 1986 cum

165 2024 296 2075 tethronc
308 2023 416 2073 venerit
430 2024 478 2072 aut
490 2035 524 2073 eo
538 2021 686 2072 recedente
700 2023 865 2072 remanserit
880 2020 974 2086 (Coti.
991 2021 1062 2072 Cum
1082 2022 1217 2074 Hebraeis
1234 2024 1339 2074 tamdiu
1355 2026 1384 2074 in
1395 2030 1490 2075 monte

166 2113 245 2163 Sinai
261 2111 436 2161 morantibus
449 2110 580 2175 frequens
594 2111 807 2161 Madianitarum
821 2112 1019 2160 commercium
1032 2116 1061 2160 et
1073 2110 1199 2162 obtinere
1212 2114 1302 2174 potuit
1322 2117 1349 2163 et
1362 2115 1423 2164 sine
1436 2113 1489 2163 du·

164 2203 214 2252 hio
236 2201 370 2252 obtinuit.
391 2199 504 2261 Hohab,
521 2212 583 2249 cum
606 2212 669 2250 eum
692 2199 802 2262 Moyses
824 2199 1023 2262 alloqueretur,
1040 2213 1098 2249 non
1118 2205 1276 2251 accesserat
1299 2201 1490 2253 Hebraeorum

165 2291 271 2349 sacris,
288 2289 406 2340 volebat
419 2290 495 2339 enim
518 2289 621 2339 reverti
638 2288 673 2338 ad
693 2289 890 2351 cognationem
913 2301 1002 2338 suam.
1018 2288 1107 2350 Moysi
1128 2291 1240 2352 roganti
1259 2289 1412 2341 obsecutus
1426 2303 1489 2341 esse

166 2380 195 2429 h.
212 2379 231 2428 i.
251 2391 308 2429 non
322 2375 451 2439 retertur,
462 2377 603 2440 colligitur
624 2376 652 2426 id
664 2381 756 2427 tamen
771 2390 806 2427 ex
824 2375 884 2426 lud.
914 2375 1105 2437 1,iu;t,11.17
1125 2381 1153 2427 et
1173 2379 1310 2440 imprimis
1330 2391 1366 2428 ex
1388 2379 1485 2441 tReg.

167 2467 301 2530 15,6,uhi
318 2467 386 2517 Saul
406 2466 532 2526 Cinaeis,
548 2467 668 2530 posteris
687 2466 776 2530 ipsius
791 2464 902 2525 liobab‚
917 2465 983 2516 dicit
1001 2477 1007 2514 :
1027 2481 1038 2512 ι
1056 2469 1087 2515 tu
1106 2467 1182 2516 enim
1204 2466 1295 2517 iecisti
1322 2469 1487 2519 misericor·

164 2557 241 2606 diam
256 2569 320 2607 cum
335 2555 464 2605 omnibus
484 2554 549 2605 Htits
568 2555 669 2615 Israel,
683 2567 746 2604 cum
767 2553 951 2604 ascenderent
972 2552 1007 2604 de
1029 2553 1158 2618 Aegypto
1173 2571 1196 2603 s.
1216 2555 1305 2618 igitur
1325 2570 1389 2607 cum
1409 2559 1485 2607 omni

164 2657 217 2696 sua
230 2645 399 2708 cognatione
412 2656 464 2695 scu
478 2643 550 2694 tribu
569 2643 698 2694 adhaesit
715 2642 814 2693 Hohab
833 2642 930 2705 Moysi.
948 2640 1070 2694 Coniicit
1089 2644 1176 2705 Proa,
1192 2657 1258 2695 eum
1276 2647 1306 2695 in
1327 2646 1420 2697 locum
1435 2660 1488 2711 pa·

165 2734 221 2784 tris
232 2735 277 2783 sui
287 2732 383 2784 tethro
394 2735 578 2793 successisse,
594 2733 714 2796 quitum
730 2731 802 2783 torte
813 2731 888 2782 diem
901 2744 1064 2795 supremum
1076 2732 1204 2793 obiisset;
1221 2747 1279 2798 quo
1293 2747 1428 2786 concesso
1441 2749 1487 2786 se·
1510 2798 1513 2806 1

165 2828 267 2886 quatur
280 2820 342 2872 iere
357 2822 445 2872 totam
457 2821 534 2872 iliam
550 2820 765 2871 Madianitarum
779 2820 927 2881 iamiiiam,
944 2821 989 2871 cui
1006 2820 1116 2883 Moyses
1137 2823 1242 2873 iamdiu
1257 2825 1346 2875 amice
1357 2827 1486 2876 convixe·
1516 2808 1517 2811 ¹

167 2912 217 2972 rit,
232 2912 259 2962 ei
274 2909 407 2975 deinceps
420 2911 593 2962 adhaesisse.
610 2909 659 2960 Est
672 2915 766 2960 tamen
778 2922 813 2961 ea
824 2922 902 2960 mera
911 2911 1082 2961 coniectura.

213 3133 248 3178 v.
265 3117 307 3179 29
326 3140 342 3172 «
361 3111 527 3201 Dicitque
547 3114 680 3200 Moyses
695 3111 829 3193 Hobab,
842 3108 917 3199 filio
936 3111 1084 3199 itaquel,
1108 3110 1324 3179 lllodiam'tae
1339 3129 1485 3203 coquam

164 3240 227 3285 suo
243 3238 256 3282 .·
272 3215 525 3308 Proficisoimur
538 3217 587 3284 od
603 3216 732 3301 lpcuua,
747 3238 850 3305 quem
865 3215 1031 3283 Dominus
1047 3216 1192 3285 daturus
1207 3231 1255 3285 est
1270 3220 1365 3285 uobz‘s
1379 3241 1393 3285 .·
1407 3221 1486 3287 certi

166 3324 359 3406 uobiscum,
370 3337 409 3390 ut
422 3324 674 3413 bertesociamus
685 3322 748 3388 tibi
752 3376 762 3408 ‚
775 3321 860 3413 quio
869 3322 1035 3389 Dominus
1046 3325 1133 3389 bono
1146 3325 1307 3414 promisit
1317 3327 1438 3393 luaelt'
1453 3357 1482 3394 t.

164 3430 260 3509 Quod
275 3431 330 3520 pie
352 3433 462 3518 magis
483 3453 587 3521 quam
612 3452 690 3496 vere
715 3427 861 3518 explicat
883 3432 940 3496 Ps.
964 3430 1038 3495 lou.
1059 3451 1071 3495 .·
1094 3456 1111 3489 «
1137 3432 1220 3519 quia
1242 3431 1329 3499 dixit
1349 3438 1435 3500 Deus
1449 3456 1485 3501 sc

165 3538 255 3604 velle
277 3538 490 3605 benefacere
516 3536 694 3627 proselytis
709 3535 843 3602 israelis
868 3564 899 3602 ».
922 3535 1107 3603 Mirabatur
1125 3558 1171 3604 sc.
1194 3538 1253 3604 ille
1279 3539 1329 3606 vir
1349 3544 1482 3628 Moysen

164 3664 281 3711 secum
294 3643 519 3712 deducentem
539 3666 606 3709 non
622 3644 812 3710 Hebraeum
825 3641 926 3731 eique
940 3641 977 3708 in
991 3648 1082 3709 terra
1097 3644 1263 3732 promissa
1275 3646 1372 3714 sedes
1384 3649 1482 3715 attri-

164 3749 339 3817 buentem.
356 3774 389 3818 v.
405 3756 447 3818 30
469 3779 484 3811 a
510 3750 577 3817 cui
592 3750 650 3817 iile
662 3747 836 3838 respoudit
852 3771 865 3815 .·
878 3751 957 3815 Nou
972 3747 1097 3815 cadom
1110 3761 1239 3833 tecum,
1259 3752 1321 3819 sed
1332 3767 1482 3822 revertor

164 3858 201 3922 iu
227 3870 352 3923 terram
372 3879 499 3943 meana,
525 3856 562 3922 in
587 3879 657 3945 qua
678 3868 780 3922 notro
802 3877 878 3920 sum
906 3883 935 3921 ».
966 3857 1067 3921 Heba.
1091 3877 1105 3921 .·
1127 3868 1158 3922 et
1180 3857 1229 3924 ud
1243 3861 1483 3947 coyuotiouem

166 3985 288 4031 uicum.
311 3963 418 4030 Petita
436 3985 506 4030 non
526 3963 698 4043 concedit,
717 3969 903 4051 antequam
921 3961 1137 4028 conditiones
1153 3964 1336 4032 audiverit.
1354 3971 1395 4033 Sc
1410 3990 1484 4034 cre-

166 4068 247 4135 dere
263 4070 364 4156 fingit
376 4071 445 4158 peti
461 4094 481 4137 a
498 4092 549 4151 se,
564 4075 600 4135 ut
612 4070 714 4136 simul
728 4070 860 4158 patriae
878 4073 912 4133 et
926 4068 1125 4154 cognationi
1140 4070 1308 4139 valedicat
1322 4073 1482 4163 solusque

164 4176 265 4262 Moysi
278 4176 479 4254 adhaeream
504 4182 622 4265 postea
640 4198 711 4243 non
728 4180 860 4241 recusat
879 4195 957 4241 cum
973 4180 1045 4241 tota
1058 4175 1262 4261 cognatione
1278 4200 1341 4245 sua
1360 4201 1378 4245 e
1395 4202 1481 4269 pau-

164 4303 244 4370 pere
256 4282 473 4349 Madianitide
487 4282 716 4369 commigrare
735 4281 913 4348 interram
932 4280 1096 4347 fluentem
1108 4280 1194 4348 lacte
1208 4288 1243 4348 et
1257 4284 1369 4351 melle.
1390 4309 1422 4353 v.
1440 4293 1480 4354 31

167 4418 180 4445 o
207 4388 255 4453 Et
269 4387 326 4454 ilie
345 4411 357 4454 .·
377 4388 472 4469 Noli,
495 4388 624 4478 c'uqrui,
642 4410 703 4455 uos
717 4386 930 4476 relinquere;
950 4398 986 4452 tu
1005 4386 1098 4452 enim
1115 4388 1221 4472 nosti,
1242 4389 1278 4455 r'u
1293 4392 1447 4480 qzcibrcsl
1469 4432 1483 4444 ·

164 4493 212 4559 cis
222 4516 285 4584 per
297 4494 466 4561 desertum
478 4507 590 4562 costra
597 4517 729 4584 peracre
744 4493 942 4576 debeamus,
956 4505 989 4559 et
1003 4494 1070 4559 eris
1085 4493 1206 4561 desetor
1219 4510 1331 4563 noster
1345 4528 1375 4566 ».
1391 4522 1423 4567 v.
1440 4507 1482 4566 32

164 4626 180 4660 α
210 4603 365 4692 Causaque
385 4602 557 4668 uobiscum
577 4601 723 4687 cesseris,
753 4598 927 4691 quidquid
949 4601 1117 4689 optusum
1143 4602 1254 4689 [eterit
1276 4627 1319 4671 ea
1341 4605 1480 4696 opibus,

166 4728 254 4796 quus
265 4708 361 4774 uobis
377 4708 569 4775 traditurus
584 4719 632 4774 est
649 4707 833 4790 Dominus,
850 4705 1005 4772 dabimus
1025 4707 1088 4773 tibi
1109 4735 1139 4774 ».
1158 4708 1236 4776 illas
1251 4733 1330 4799 opes
1346 4712 1482 4796 videtur

163 4813 390 4883 introduxisse
407 4815 521 4900 Hieta,
535 4837 576 4881 ne
595 4813 767 4880 videretur
781 4818 906 4900 Moyses
918 4812 1049 4902 optima
1062 4819 1174 4882 terrae
1187 4824 1324 4885 sanctae
1340 4818 1481 4908 promit·

581 4941 756 4979 suessanoru-
773 4953 804 4964 -
820 4938 846 4977 nt
863 4940 987 4976 uussaos.
1006 4933 1067 4977 -6
